2414 3694
103 167 147 228 26
430 181 604 228 Aruernos
629 185 694 230 Lm.
721 185 767 231 1x.

102 355 225 415 aethere
241 373 274 413 se
290 353 391 425 mittit,
409 353 554 430 spirantis
570 355 705 416 dimovet
720 377 810 418 auras

101 454 331 530 Ascaniumque
347 453 432 530 petit.
477 455 618 514 Formam
633 467 698 516 tum
713 459 842 518 vertitur
857 460 918 519 oris

101 555 260 632 antiquum
276 554 307 611 in
324 556 440 626 Buten;
463 552 514 611 hic
530 553 688 612 Dardanio
704 554 860 614 Anchisae

100 654 230 732 armiger
246 663 317 713 ante
332 652 390 712 fuit
404 653 546 729 fidusque
563 652 603 710 ad
618 653 723 711 limina
739 663 851 726 custos

99 764 164 813 tum
179 753 321 813 comitem
338 753 474 811 Ascanio
490 763 577 829 pater
592 753 719 813 addidit.
765 754 836 812 Ibat
851 756 963 831 Apollo

99 855 203 913 omnia
217 855 368 930 longaevo
384 851 500 924 similis,
516 870 685 929 vocemque
701 853 896 930 coloremque

100 963 131 1012 et
146 953 239 1013 crinis
255 953 342 1012 albos
358 961 388 1011 et
404 970 497 1011 saeva
512 952 675 1023 sonoribus
690 972 783 1026 arma,

100 1063 191 1131 atque
206 1053 255 1112 his
271 1053 429 1112 ardentem
445 1051 536 1110 dictis
552 1051 673 1110 adlatur
688 1053 807 1112 Iulum:

102 1153 165 1213 ‘Sit
179 1153 263 1224 satis,
281 1151 411 1224 Aenide‚
428 1151 497 1210 telis
515 1151 639 1228 impune
656 1155 834 1212 Numanum

99 1253 267 1331 oppetiisse
283 1251 360 1325 tuis;
383 1251 512 1328 primam
528 1252 608 1310 hanc
622 1251 678 1311 tibi
694 1272 825 1330 magnus
840 1254 954 1329 Apollo

99 1353 242 1414 concedit
257 1352 390 1424 laudem,
406 1361 436 1411 et
451 1351 577 1428 paribus
592 1371 654 1410 non
670 1351 787 1413 invidet
802 1354 910 1413 armis:

99 1463 201 1514 cetera
215 1471 316 1530 parce,
334 1470 417 1528 puer,
434 1450 536 1511 bello!
581 1451 631 1512 Sic
646 1471 734 1512 orsus
750 1454 862 1530 Apollo

99 1556 235 1616 mortalis
250 1557 352 1616 medio
368 1567 511 1634 aspectus
527 1576 668 1616 sermone
683 1556 814 1632 reliquit,

98 1667 128 1716 et
143 1658 250 1734 procul
265 1656 297 1715 in
313 1666 435 1717 tenuem
451 1676 489 1716 ex
505 1657 602 1717 oculis
617 1657 742 1716 evanuit
754 1676 867 1718 auram.

99 1762 260 1837 Agnovere
276 1761 367 1820 deum
383 1779 526 1836 proceres
544 1757 708 1835 divinaque
723 1759 785 1819 tela
895 1729 908 1760 ‘

99 1860 305 1933 Dardanidae,
322 1861 556 1937 pharetramque
571 1860 645 1936 iuga
659 1878 785 1918 sensere
801 1868 970 1918 sonantem.

99 1962 178 2036 Ergo
195 1961 318 2019 avidum
334 1979 456 2038 pugnae
472 1959 563 2019 dictis
579 1978 615 2018 ac
631 1959 755 2019 numine
772 1959 890 2019 Phoebi

98 2059 266 2118 Ascanium
283 2061 464 2137 prohibent3
488 2059 548 2136 ipsi
563 2059 594 2118 in
610 2060 777 2118 certamina
792 2078 896 2118 rursus

98 2164 269 2223 succedunt
285 2164 463 2240 animasque
479 2163 510 2221 in
526 2173 633 2240 aperta
647 2162 784 2240 pericula
798 2162 932 2222 mittunt.

98 2263 128 2320 It
143 2262 257 2322 clamor
274 2263 346 2322 totis
361 2263 416 2339 per
431 2263 661 2340 propugnacula
676 2261 780 2335 muris,

97 2361 263 2422 intendunt
279 2362 357 2422 acris
373 2382 461 2423 arcus
476 2373 660 2439 amentaque
677 2371 829 2439 torquent.

99 2462 250 2521 Sternitur
265 2481 356 2521 omne
372 2462 470 2521 solum
485 2462 564 2536 telis,
580 2472 645 2522 tum
661 2472 748 2522 scuta
762 2481 918 2538 cavaeque

96 2562 173 2621 dant
188 2562 322 2622 sonitum
338 2562 423 2621 flictu
437 2563 553 2639 galeae,
570 2582 674 2639 pugna
689 2581 799 2639 aspera
815 2562 928 2639 surgit:

97 2671 230 2738 quantus
246 2663 284 2722 ab
300 2681 414 2722 occasu
428 2664 556 2723 veniens
571 2662 757 2739 pluvialibus
775 2662 895 2722 Haedis

96 2763 237 2821 verberat
252 2763 349 2822 imber
362 2763 497 2836 humum,
515 2782 606 2839 quam
621 2762 717 2820 multa
731 2762 881 2839 grandine
897 2760 992 2821 nimbi

140 2951 199 3008 650.
222 2946 263 2995 Cf.
274 2947 321 2994 IV.
333 2960 346 3012 5
350 2947 379 3012 58
389 2964 395 2995 :
413 2951 499 2997 omnia
509 2949 641 2998 Mercurio
653 2951 753 3006 similis,
764 2966 894 3012 vocemque
905 2950 1061 3013 coloremque
1071 2955 1095 2998 et

95 3031 362 3105 crinin-656—65Q.
388 3030 429 3080 Cf.
443 3032 490 3079 IV.
509 3032 570 3093 276:
594 3033 655 3082 Tali
669 3033 801 3096 Cyllcnius
812 3050 855 3081 ore
866 3033 964 3081 locutus
975 3033 1094 3081 mortalis

95 3116 166 3162 virus
184 3116 266 3164 medio
284 3131 396 3163 sermone
415 3116 526 3179 reliquit,
543 3122 568 3164 et
579 3117 675 3177 procul
691 3118 719 3164 in
738 3123 835 3164 tenuem
855 3133 887 3164 ex
899 3116 977 3165 oculis
988 3118 1095 3164 evanuit

95 3213 196 3244 auram.
205 3226 239 3233 -
248 3202 306 3259 6⁶3.
333 3196 373 3245 Cf.
383 3197 434 3246 line
445 3212 492 3246 200
502 3205 547 3247 :ste
559 3200 587 3245 in
599 3205 671 3246 tan'ta
679 3200 797 3260 pericula
809 3201 908 3248 mittam
919 3199 932 3246 l
939 3203 1041 3263 —o⁶5,
1053 3198 1094 3248 in-

95 3280 213 3331 tendunt
224 3281 293 3332 acris
305 3293 392 3331 arcus.
420 3279 461 3328 Cf.
472 3281 535 3329 VII.
548 3280 608 3341 164:
626 3283 694 3330 acris
705 3284 813 3330 tendunt
823 3299 905 3331 arcus.

39 3374 135 3400 *a
