2414 3694
412 236 587 282 AENEIDOS
611 238 676 282 LIB.
703 238 747 282 IX.

79 419 111 468 et
125 409 264 468 citharae
280 409 366 469 cordi
381 428 588 486 numerosque
604 410 763 471 intendere
780 409 900 482 nervis;

79 527 203 586 semper
218 528 315 586 equos
331 519 423 584 atque
440 529 525 570 arma
539 510 636 568 virum
652 529 834 587 pugnasque
850 511 989 569 canebat.

120 609 264 668 Tandem
280 609 424 668 ductores
440 610 547 669 audita
562 609 657 670 caede
674 629 797 669 suorum

80 708 271 767 conveniunt
285 709 406 781 Teucri,
424 710 608 770 Mnestheus
624 728 755 786 acerque
772 711 921 782 SerestuS,

79 808 278 885 palantisque
294 808 400 868 vident
415 809 517 868 socios
532 810 715 887 hostemque
730 819 896 886 receptum.
1032 807 1081 869 780

81 910 119 967 Et
136 908 334 968 Mnestheus:
358 909 442 983 ‘Quo
462 909 576 970 deinde
594 911 707 988 fugam,
725 930 786 987 quo
804 909 965 969 tenditis?’

163 1008 275 1084 inquit.

81 1109 187 1183 ‘Quos
204 1109 281 1167 alios
296 1127 408 1181 muros,
426 1128 505 1186 quae
520 1109 582 1168 iam
597 1111 676 1169 ultra
691 1110 813 1170 moenia
829 1109 972 1170 habetis?

80 1209 171 1267 Unus
186 1209 280 1267 homo
295 1219 326 1267 et
341 1209 462 1282 vestris,
479 1228 499 1268 0
514 1210 607 1283 cives,
625 1208 762 1287 undique
778 1219 904 1286 saeptus

80 1309 246 1385 aggeribus
261 1317 366 1368 tantas
381 1319 499 1387 strages
515 1309 640 1386 impune
656 1328 710 1386 per
725 1310 842 1370 urbem·

79 1407 220 1481 ediderit,
237 1407 382 1468 iuvenum
398 1409 512 1485 primos
527 1419 573 1468 tot
589 1409 706 1469 miserit
722 1409 826 1470 Orco?
1031 1406 1080 1472 785

80 1509 153 1567 Non
169 1507 302 1566 infelicis
317 1509 434 1585 patriae
450 1519 650 1587 veterumque
666 1510 794 1568 deorum

79 1618 112 1667 et
125 1608 231 1685 magni
246 1611 381 1681 Aeneae,
398 1627 517 1686 segnes,
536 1609 721 1686 miseretque
737 1609 894 1686 pudetque
906 1610 935 1668 ?'

79 1708 210 1766 Talibus
226 1709 350 1767 accensi
365 1709 524 1768 firmantur
538 1720 570 1769 et
585 1709 706 1786 agmine
722 1709 820 1769 denso

78 1808 263 1868 consistunt.
308 1810 430 1868 Turnus
447 1809 596 1885 paulatim
612 1811 760 1870 excedere
776 1829 888 1887 pugna,

78 1918 110 1967 et
125 1908 251 1967 fluvium
267 1918 372 1984 petere
388 1928 424 1968 ac
440 1918 556 1985 partem
572 1929 652 1986 quae
669 1910 800 1986 cingitur
816 1911 915 1981 unda;
1030 1921 1080 1970 790

81 2008 182 2066 acrius
198 2009 257 2067 hoc
272 2009 384 2067 Teucri
400 2009 532 2069 clamore
548 2010 726 2070 incumbere
741 2029 854 2088 magno

79 2118 113 2166 et
126 2107 297 2185 glomerare
313 2127 446 2167 manum.
492 2111 558 2170 Ceu
573 2096 699 2168 saevum
716 2110 805 2169 turba
821 2111 942 2169 leonem

80 2226 152 2266 cum
166 2208 237 2267 telis
252 2209 363 2285 premit
379 2209 518 2282 infensis,
536 2219 567 2269 at
582 2210 704 2269 territus
719 2209 778 2282 ilie,

81 2326 179 2384 asper,
197 2308 309 2366 acerba
324 2318 421 2381 tuens
439 2318 521 2368 retro
536 2309 623 2382 redit,
641 2319 671 2368 et
688 2328 788 2386 neque
804 2319 890 2386 terga

80 2407 125 2465 ira
141 2407 215 2466 dare
231 2416 284 2467 aut
298 2407 395 2468 virtus
410 2409 533 2485 patitur,
550 2427 609 2468 nec
623 2409 752 2468 tendere
768 2419 874 2468 contra
1031 2422 1079 2474 795

80 2507 132 2567 ille
148 2506 273 2583 quidem
289 2508 348 2567 hoc
364 2509 493 2585 cupiens
508 2509 589 2586 potis
605 2519 652 2568 est
667 2528 722 2586 per
737 2510 799 2568 tela
813 2509 956 2585 virosque
968 2533 973 2568 2
984 2545 1024 2552 -

79 2608 164 2666 haud
180 2607 268 2668 aliter
283 2619 363 2668 retro
378 2609 491 2669 dubius
506 2609 636 2688 vestigia
651 2611 775 2668 Turnus

80 2700 288 2777 improperata
303 2702 404 2773 refert,
422 2713 452 2762 et
467 2720 556 2761 mens
571 2712 731 2762 exaestuat
745 2703 798 2762 ira.

80 2801 165 2875 Quin
182 2799 275 2859 etiam
290 2802 339 2860 bis
354 2811 418 2860 tum
434 2802 553 2862 medios
569 2803 724 2862 invaserat
739 2802 846 2875 hostiS,

79 2901 127 2959 bis
143 2901 276 2960 confusa
290 2902 365 2979 iuga
380 2921 434 2978 per
449 2922 552 2963 muros
569 2904 692 2980 agmina
707 2903 814 2976 vertit;

80 3001 136 3060 sed
152 3005 262 3060 manus
278 3020 295 3060 e
311 3003 420 3061 castris
435 3022 565 3080 propere
581 3003 644 3062 coit
658 3003 758 3063 omnis
774 3003 804 3060 in
822 3021 924 3074 unum,
995 2995 997 3004 ’

123 3182 182 3233 779,
201 3168 362 3220 Mnestheus
380 3182 492 3234 acerque
510 3169 653 3235 Serestus;
673 3170 746 3218 these
763 3168 848 3218 words
865 3169 921 3218 also
939 3169 1009 3218 close
1027 3169 1078 3218 line

81 3263 136 3311 171.
146 3279 180 3286 -
189 3256 246 3313 781.
268 3251 311 3300 Cf.
325 3251 356 3300 V.
369 3252 432 3313 670:
455 3259 516 3316 ‘quo
528 3270 604 3311 nunc,
617 3270 667 3316 quo
678 3253 793 3302 tenditis'
806 3255 897 3317 inquit.
908 3281 940 3289 -—
950 3257 1007 3316 785.
1036 3251 1077 3300 Cf.

79 3333 131 3382 line
146 3347 208 3400 527:
229 3351 303 3398 quem
316 3336 423 3400 quisque
434 3337 522 3384 virum
535 3337 666 3385 demr'sm't
679 3337 751 3386 Orco.
