2414 3694
94 241 136 301 24
421 237 594 282 AENElDOS
618 236 684 278 LIB.
712 233 756 276 lx.

92 405 141 463 cui
158 404 289 462 Remulo
307 424 477 481 cognomen
495 415 568 476 erat,
585 404 743 480 Turnique
759 403 908 460 minorem

91 523 268 582 germanam
283 523 381 580 nuper
395 503 532 562 thalamo
548 503 683 562 sociatus
698 502 842 561 habebat.

93 608 125 664 Is
141 605 269 680 primam
286 613 356 662 ante
372 603 468 662 aciem
485 604 579 680 digna
595 613 686 678 atque
701 603 828 679 indigna
844 603 942 660 relatu
1045 613 1095 667 595

92 704 275 786 vociferans,
293 702 489 778 tumidusque
505 721 586 761 novo
600 702 780 778 praecordia
795 720 899 778 regno,

93 804 157 862 ibat
171 812 202 860 et
217 803 373 878 ingentem
390 820 457 861 sese
474 802 606 860 clamore
621 801 757 860 ferebat:

95 904 184 962 ‘Non
199 903 295 979 pudet
309 901 472 961 obsidione
487 901 596 960 iterum
611 900 754 976 valloque
769 901 875 972 teneri,

92 1003 140 1063 bis
157 1002 239 1078 capti
255 1002 400 1079 Phryges
417 1011 448 1060 et
462 1002 551 1060 morti
567 1001 768 1078 praetendere
784 1004 907 1060 muros?

94 1105 140 1161 En
156 1102 209 1178 qui
224 1111 330 1160 nostra
345 1100 405 1159 sibi
419 1100 502 1159 bello
515 1100 649 1161 conubia
663 1105 813 1177 poscunt!

93 1201 171 1276 Quis
187 1201 264 1260 deus
281 1201 411 1272 Italiam,
429 1219 508 1277 quae
520 1219 576 1260 vos
591 1201 747 1259 dementia
763 1201 886 1278 adegit?

94 1303 164 1360 Non
180 1300 231 1360 hic
246 1300 374 1359 Atridae
389 1318 447 1359 nec
461 1299 549 1359 fandi
564 1300 652 1359 fictor
668 1300 793 1359 Ulixes:

93 1401 201 1459 durum
217 1419 235 1458 a
251 1400 345 1476 stirpe
360 1418 466 1476 genus,
484 1409 574 1458 natos
590 1401 630 1458 ad
644 1399 771 1458 flumina
785 1400 917 1476 primum

93 1501 259 1559 deferimus
275 1519 430 1576 saevoque
444 1500 514 1576 gelu
530 1501 676 1558 duramus
692 1510 723 1559 et
738 1501 847 1572 undis;

93 1610 207 1660 venatu
222 1599 384 1676 invigilant
399 1599 484 1676 pueri
501 1600 656 1675 silvasque
669 1600 820 1676 fatigant,

93 1700 215 1760 flectere
230 1700 320 1759 ludus
336 1718 433 1776 equos
448 1709 480 1758 et
494 1700 613 1776 spicula
627 1700 754 1764 tendere
769 1719 873 1759 cornu.

94 1803 136 1859 At
150 1799 272 1876 patiens
287 1818 413 1876 operum
428 1819 584 1876 parvoque
600 1800 730 1859 adsueta
745 1799 887 1859 iuventus

94 1909 146 1959 aut
161 1899 266 1958 rastris
281 1909 392 1959 terram
408 1899 513 1958 domat
527 1908 580 1957 aut
595 1899 695 1974 quatit
708 1899 824 1975 oppida
839 1900 930 1960 bello.

94 2001 194 2058 Omne
210 2019 319 2058 aevum
333 1999 414 2059 ferro
429 1999 543 2070 teritur,
560 2018 710 2074 versaque
725 1999 887 2058 iuvencum

76 2128 78 2135 ¹
93 2109 179 2177 terga
193 2099 358 2176 fatigamus
374 2099 481 2170 hasta3
505 2118 562 2157 nec
576 2099 664 2158 tarda
680 2109 824 2158 senectus

94 2198 234 2258 debilitat
248 2199 328 2258 vires
345 2198 439 2256 animi
454 2208 612 2274 mutatque
627 2199 780 2275 vigorem:

94 2298 238 2357 canitiem
253 2299 342 2376 galea
357 2298 532 2374 premimus,
550 2317 730 2375 semperque
745 2299 878 2358 recentis

94 2408 285 2475 comportare
301 2398 385 2457 iuvat
401 2399 531 2475 praedas
547 2409 578 2457 et
593 2399 694 2458 vivere
709 2409 805 2475 rapto

94 2499 192 2558 Vobis
207 2497 290 2575 picta
305 2517 395 2557 croco
411 2507 442 2557 et
456 2497 587 2575 fulgenti
602 2499 716 2558 murice
731 2499 835 2571 vestis,

94 2598 232 2658 desidiae
248 2598 341 2672 cordi,
357 2597 441 2657 iuvat
456 2597 615 2676 indulgere
631 2599 759 2670 choreis,

94 2709 125 2757 et
139 2699 262 2759 tunicae
278 2698 414 2757 manicas
430 2706 461 2757 et
476 2699 592 2758 habent
606 2699 784 2759 redimicula
800 2700 915 2759 mitrae.

95 2801 122 2858 0
138 2819 209 2860 vere
226 2798 383 2877 Phrygiae,
401 2817 502 2875 neque
518 2798 600 2858 enirn
616 2798 761 2876 Phryges
777 2799 819 2858 ite
834 2819 888 2876 per
903 2800 965 2858 alta

96 2898 250 2976 Dindyma
265 2898 318 2958 ubi
333 2898 471 2958 adsuetis
486 2897 616 2957 biforem
631 2896 685 2957 dat
699 2898 776 2957 tibia
791 2905 931 2958 cantum!

127 3070 186 3128 607.
212 3064 252 3113 Cf.
266 3065 297 3114 G.
311 3065 347 3113 11.
360 3078 423 3126 472:
441 3066 575 3126 etpatz‘ens
585 3071 687 3126 operum
701 3067 839 3130 exiguoque
849 3066 953 3115 admeto
965 3068 1092 3117 raventun

94 3177 127 3184 —
138 3153 197 3213 612,
208 3153 266 3210 613.
286 3147 327 3197 Cf.
337 3149 399 3197 VII.
409 3146 469 3209 748:
481 3154 625 3210 semperque
634 3150 739 3197 recentis
748 3156 891 3198 convectare
900 3152 973 3198 rievat
977 3154 1094 3212 praedas

93 3238 118 3280 et
127 3234 210 3280 vivere
222 3239 300 3294 rapto.
310 3260 343 3267 -
353 3236 411 3296 616,
425 3231 527 3282 habent
536 3231 694 3282 redimicula
704 3232 810 3283 mitrae.
833 3231 874 3280 Cf.
886 3232 932 3280 IV.
944 3234 1007 3282 216:
1024 3252 1094 3286 men·

94 3321 147 3361 tum
161 3317 239 3363 mitra
251 3317 395 3377 crinemque
404 3316 544 3363 madentem
555 3314 696 3363 subnexus.
