2414 3694
405 218 580 266 AENEIDOS
603 218 668 266 LIB.
696 217 740 266 IX.

75 393 212 453 condunt
229 412 262 452 se
278 392 391 451 Teucri
406 403 510 470 portas
526 404 557 453 et
572 394 694 453 moenia
708 393 872 471 complent.

12 495 13 548 3
77 496 219 569 Namque
234 494 277 552 ita
292 493 457 553 discedens
473 503 672 570 praeceperat
687 494 821 571 optimus
836 490 932 553 armis·-
1039 507 1082 560 4⁰,

12 659 13 682 ἢ
76 596 214 652 Aeneas:
238 593 265 651 si
280 612 341 669 qua
356 593 473 652 interea
487 595 611 653 fortuna
626 593 743 666 fuisset,

12 731 14 778 3
76 713 136 751 neu
151 702 268 752 struere
284 693 433 752 auderent
449 693 546 753 aciem
562 713 622 752 neu
638 694 763 754 credere
779 714 888 772 campo
899 714 909 767 ;'

12 805 14 868 ξ
77 803 176 852 castra
191 793 283 851 modo
299 802 329 851 et
346 802 429 852 tutos
446 804 603 853 servarent
620 813 732 872 aggere
747 814 858 854 muros,

77 895 156 970 Ergo
172 893 230 952 etsi
247 894 386 953 conferre
402 913 526 952 manum
542 894 641 970 pudor
657 894 762 971 iraque
779 904 935 967 monstrat,

76 992 212 1052 obiciunt
228 1003 333 1068 portas
349 1003 461 1066 tamen,
478 1003 508 1052 et
523 1004 690 1070 praecepta
704 995 871 1066 facessunt,
1039 1005 1072 1060 45

77 1093 245 1168 armatique
263 1092 346 1151 cavis
362 1102 543 1169 exspectant
559 1094 693 1154 turribus
709 1096 839 1154 hostem.

76 1194 206 1263 Turnus,
224 1201 257 1251 ut
274 1202 345 1250 ante
361 1193 469 1252 volans
486 1194 606 1252 tardum
623 1204 834 1270 praecesserat
850 1213 968 1271 agmen,

76 1291 182 1368 viginti
198 1292 285 1350 lectis
302 1292 438 1367 equitum
455 1294 618 1352 comitatus
634 1304 664 1354 et
680 1294 747 1353 urbi

75 1391 259 1468 improvisus
274 1392 362 1451 adest
375 1417 381 1464 ;
405 1393 533 1452 maculis
550 1413 641 1469 quem
657 1394 808 1454 Thracius
823 1395 902 1454 albis

12 1505 13 1510 ’
74 1501 177 1568 portat
192 1511 298 1567 equus,
316 1492 469 1569 cristaque
486 1493 561 1570 tegit
575 1495 664 1570 galea
679 1513 771 1553 aurea
785 1495 886 1554 rubra.
1044 1507 1072 1559 50

12 1623 14 1648 i
75 1591 209 1668 ‘Ecquis
225 1593 289 1664 erit,
304 1611 431 1665 mecum,
448 1593 583 1665 iuvenes
599 1595 651 1670 qui
666 1594 781 1671 primus
797 1595 827 1652 in
840 1595 1011 1654 hostem-

74 1694 133 1765 en‚’
151 1692 201 1764 ait,
219 1701 250 1750 et
264 1692 396 1751 iaculum
414 1703 593 1770 attorquens
609 1694 719 1753 emittit
735 1695 766 1752 in
782 1713 881 1768 auras

73 1791 259 1868 principium
275 1812 405 1870 pugnae,
424 1804 453 1853 et
469 1813 578 1870 campo
594 1813 661 1853 sese
677 1795 790 1853 arduus
806 1795 906 1854 infert.

12 1883 13 1938 5
74 1892 219 1952 Clamore
235 1883 393 1969 excipiunt
409 1894 483 1953 socii
499 1894 684 1969 fremituque
700 1905 870 1970 sequuntur

73 1993 254 2051 horrisono:
277 1995 431 2052 Teucrum
448 1994 595 2053 mirantur
611 1994 719 2053 inertia
734 1995 837 2067 corda,
1043 2009 1072 2060 55

72 2115 137 2154 non
154 2114 253 2171 aequo
269 2095 342 2154 dare
358 2113 391 2152 se
410 2113 527 2170 camp0,
544 2113 607 2152 non
623 2094 714 2153 obvia
729 2095 808 2154 ferre

72 2215 160 2254 arma
171 2195 260 2266 viros
275 2194 330 2254 sed
342 2204 443 2253 castra
454 2194 567 2253 fovere.
615 2195 688 2253 Huc
699 2195 841 2254 turbidus
854 2206 946 2272 atque
957 2195 1018 2255 huc

72 2295 186 2353 lustrat
201 2312 280 2368 equo
297 2312 400 2352 muros
418 2293 595 2369 aditumque
611 2312 665 2369 per
681 2293 750 2352 avia
765 2295 893 2371 quaerit.

72 2397 122 2453 Ac
138 2395 232 2453 veluti
247 2396 340 2471 pleno
357 2397 448 2471 lupus
463 2393 625 2454 insidiatus
641 2393 714 2452 ovili

12 2491 13 2552 Ϊ
72 2499 146 2554 cum
161 2495 263 2554 fremit
279 2496 318 2554 ad
334 2495 447 2567 caulas,
466 2504 575 2554 ventos
591 2512 757 2570 perpessus
773 2503 802 2552 et
817 2493 932 2567 imbris
1041 2493 1073 2542 60
1116 2548 1118 2554 .
1157 2485 1160 2489 Α

12 2593 14 2644 i
71 2604 166 2654 nocte
182 2613 274 2670 super
289 2593 389 2654 media
404 2619 410 2666 ;
432 2594 490 2652 tuti
506 2594 563 2653 sub
580 2591 728 2652 matribus
744 2593 815 2670 agni

72 2695 212 2754 balatum
229 2705 389 2766 exercent3
414 2693 464 2753 ille
481 2713 571 2770 asper
586 2703 617 2754 et
632 2693 789 2769 improbus
805 2693 850 2751 ira

12 2785 13 2818 ³
72 2795 174 2854 saevit
189 2794 220 2853 in
237 2794 383 2866 absentis,
401 2795 541 2853 conlecta
556 2794 664 2871 fatigat
680 2793 794 2853 edendi

72 2915 113 2954 ex
129 2895 222 2972 longo
238 2894 339 2953 rabies
355 2904 385 2952 et
401 2895 500 2952 siccae
517 2894 666 2970 sanguine
683 2894 803 2953 fauces:

70 2995 158 3053 haud
175 2994 262 3053 aliter
278 2994 394 3053 Rutulo
410 3013 512 3052 muros
529 3003 558 3052 et
574 3003 675 3052 castra
690 2994 789 3053 tuenti
1041 2993 1073 3059 65

72 3095 240 3172 ignescunt
255 3094 327 3166 irae,
345 3094 428 3154 duris
445 3093 531 3153 dolor
547 3095 669 3152 ossibus
686 3094 780 3166 ardet,

120 3261 163 3306 49.
189 3242 230 3292 Cf.
244 3244 275 3291 V.
289 3243 350 3308 565:
368 3261 440 3307 quem
457 3245 582 3292 Thracius
594 3245 657 3292 albis
664 3251 754 3306 portat
764 3261 843 3307 equus
855 3245 947 3294 bicolor
958 3247 1072 3294 mamlr's.

71 3356 106 3364 -
116 3342 158 3390 53.
184 3327 226 3376 Cf.
241 3327 272 3375 G.
287 3327 323 3374 II.
339 3340 368 3386 14
372 3339 399 3390 5:
419 3343 498 3392 equus
510 3334 598 3388 campo
609 3342 659 3374 sese
671 3328 771 3375 arduus
782 3328 869 3390 insert.
