2414 3694
88 199 129 262 16
411 218 587 263 asunruos
612 218 676 262 Lm.
704 218 748 262 rx.

85 389 265 466 impediunt,
281 390 424 467 fallitque
439 391 529 450 timor
544 392 669 469 regione
684 390 810 450 viarum.
1035 390 1085 457 385

86 490 182 549 Nisus
198 489 283 562 abit;
307 490 429 567 iamque
446 491 624 567 imprudens
640 500 780 551 evaserat
794 491 894 549 hostis

86 600 178 666 atque
194 590 278 650 locos
294 590 345 666 qui
361 599 433 666 post
449 590 548 650 Albae
564 592 602 650 de
618 591 742 650 nomine
757 590 833 649 dicti

87 689 210 762 Albani,
226 699 291 749 tum
306 709 359 749 rex
374 690 497 749 stabula
513 691 575 749 alta
591 690 721 749 Latinus
736 689 889 762 habebat;

88 799 121 848 ut
136 791 220 849 stetit
235 799 266 848 et
280 791 396 849 frustra
411 790 572 850 absentem
588 790 724 866 respexit
740 790 890 850 amicum:

90 889 236 968 ‘Euryale
255 889 370 962 infelix,
388 899 494 969 quate
510 891 636 967 regione
651 888 781 966 reliqui?
1035 903 1087 953 390

88 1008 187 1065 quave
203 1009 322 1070 sequar,
339 1009 443 1050 rursus
458 991 637 1067 perplexum
653 989 710 1048 iter
725 1008 816 1049 omne
833 990 993 1050 revolvens

87 1090 207 1148 fallacis
223 1090 318 1148 silvae
329 1090 357 1148 ?'
396 1089 492 1149 Simul
508 1099 539 1150 et
553 1089 683 1166 vestigia
698 1099 779 1148 retro
844 1145 848 1155 ,

89 1190 252 1248 observata
267 1190 341 1266 legit
355 1189 519 1266 dumisque
535 1190 698 1250 silentibus
713 1202 802 1249 errat.

90 1289 186 1348 Audit
200 1308 306 1364 equos,
324 1290 409 1348 audit
424 1291 570 1366 strepitus
586 1299 617 1349 et
632 1289 720 1367 signa
737 1300 930 1368 sequentum.

91 1392 158 1448 Nec
173 1390 297 1466 longum
312 1389 344 1446 in
360 1389 462 1448 medio
478 1399 600 1466 tempus
615 1407 685 1448 cum
701 1388 817 1448 clamor
832 1390 872 1448 ad
888 1389 969 1448 auris
1037 1401 1088 1454 395

90 1489 229 1566 pervenit
244 1508 280 1547 ac
295 1489 378 1548 videt
395 1490 568 1568 Euryalum,
585 1507 677 1568 quem
692 1489 753 1547 iarn
769 1507 879 1548 manus
893 1487 993 1549 omnis

90 1589 198 1648 fraude
214 1589 272 1648 loci
288 1599 318 1648 et
333 1589 444 1662 noctis,
461 1588 564 1648 subito
579 1589 724 1648 turbante
739 1589 880 1662 tumultu,

90 1707 272 1766 oppressum
287 1689 366 1764 rapit
382 1699 413 1747 et
429 1699 594 1749 conantem
609 1689 739 1766 plurima
753 1689 876 1748 frustra.

92 1790 175 1863 Quid
190 1789 300 1848 iaciat?
345 1789 415 1862 Qua
431 1789 460 1846 vi
476 1789 628 1862 iuvenem,
645 1789 757 1866 quibus
773 1788 885 1848 audeat
900 1787 993 1846 armis

92 1890 229 1966 eripere?
274 1891 323 1946 An
339 1908 408 1948 sese
424 1889 542 1948 medios
558 1889 721 1948 moriturus
736 1889 767 1946 in
783 1887 883 1947 hostis
1039 1900 1091 1948 400

92 1990 212 2062 inferat,
229 1999 260 2048 et
275 1989 432 2064 pulchram
448 1998 592 2064 properet
606 2007 662 2065 per
677 1989 803 2049 volnera
822 1989 971 2047 mortem?
989 2054 991 2060 .

91 2090 188 2148 Ocius
204 2089 338 2148 adducto
353 2099 500 2165 torquens
515 2088 626 2148 hastile
642 2090 765 2160 lacert0,

93 2189 263 2264 suspiciens
279 2189 371 2246 altam
384 2189 504 2246 Lunam
520 2198 551 2246 et
565 2189 610 2247 sic
621 2207 698 2247 voce
715 2198 879 2266 precatur:

95 2290 169 2360 ‘Tu,
183 2290 249 2361 dea,
267 2297 300 2346 tu
314 2307 462 2364 praesens
478 2298 584 2348 nostro
600 2306 744 2348 succurre
759 2287 867 2360 labori,

95 2399 246 2448 astrorum
261 2388 357 2448 decus
372 2397 404 2446 et
418 2407 577 2447 nemorum
595 2387 726 2446 Latonia
742 2397 856 2447 custos.
1041 2398 1092 2451 405

96 2490 127 2548 si
143 2508 204 2564 qua
218 2489 279 2548 tuis
294 2505 438 2564 umquam
454 2507 510 2564 pro
526 2507 574 2547 me
589 2498 677 2564 pater
693 2489 850 2566 Hyrtacus
866 2486 926 2545 aris

95 2589 177 2647 dona
191 2589 269 2660 tulit,
286 2589 313 2646 si
328 2607 390 2664 qua
404 2587 472 2663 ipse
487 2587 564 2646 meis
580 2587 743 2646 venatibus
760 2587 830 2645 auxi

96 2689 282 2764 suspendive
294 2688 380 2746 tholo
395 2696 449 2746 aut
464 2706 552 2746 sacra
568 2688 608 2745 ad
622 2687 749 2764 fastigia
764 2687 825 2759 fixi,
918 2667 922 2676 ’

96 2790 178 2847 hunc
193 2789 260 2847 sine
276 2806 325 2847 me
340 2787 464 2847 turbare
478 2787 604 2864 globum
621 2797 651 2846 et
666 2806 738 2863 rege
754 2787 817 2845 tela
832 2805 886 2862 per
901 2785 1010 2844 auras!

129 2959 187 3016 385.
231 2954 272 3002 Cr.
302 2954 365 3001 VII.
391 2966 453 3019 215:
478 2969 522 3001 nec
542 2955 614 3002 sidus
636 2956 736 3016 regione
758 2955 814 3002 vrbe
837 2954 929 3001 litusve
943 2953 1093 3018 fefellit.—

96 3043 154 3102 388,
168 3038 278 3089 stabula
295 3038 363 3089 alta.
400 3036 442 3085 Cf.
461 3036 509 3084 VI.
528 3050 593 3101 179:
611 3038 640 3084 in
656 3039 789 3100 antiquam
808 3037 910 3093 silvam,
923 3037 1022 3084 stabula
1038 3037 1093 3083 alta

88 3123 212 3186 ferarum
221 3137 233 3179 ,¹
252 3123 285 3170 X.
296 3134 358 3185 723:
377 3121 476 3169 stabula
485 3121 539 3168 alta
550 3122 588 3169 leo
606 3157 611 3166 .
631 3156 636 3166 .
656 3157 660 3167 .
675 3129 862 3182 peragrans—
869 3135 928 3184 392,
939 3134 997 3183 393,
1008 3118 1095 3169 vesti·

97 3205 144 3269 gia
161 3206 231 3256 retro
248 3205 392 3255 observata
410 3204 487 3268 legit.
536 3203 577 3252 Cf.
599 3205 634 3251 ll.
657 3215 724 3267 753:
748 3204 852 3266 vesttgr‘a
875 3210 942 3251 retro
964 3202 1093 3249 observata

96 3304 192 3351 sequor.
201 3316 234 3324 -
246 3303 304 3348 400.
341 3286 382 3335 Cf.
394 3287 430 3334 ΙΙ.
443 3285 491 3347 408
505 3304 510 3332 :
529 3303 578 3335 sese
590 3288 699 3334 medium
714 3287 801 3333 iniecit
807 3288 941 3349 periturus
953 3287 981 3333 in
994 3299 1093 3346 agmen.
