2414 3694
371 289 373 292 .
451 249 624 293 AENEIDOS
650 249 714 293 LIB.
742 249 787 294 IX.

120 441 192 482 cum
207 422 277 482 talis
294 423 412 482 animos
429 422 572 481 iuvenum
589 432 697 481 ettam
712 432 796 482 certa
811 422 923 482 tulistis

119 524 266 600 pectora.’
311 522 362 582 Sic
378 540 551 581 memorans
567 540 689 580 umeros
704 522 889 599 dextrasque
905 525 1031 584 tenebat
1069 538 1117 590 ²50

121 624 289 695 amborum,
306 632 337 683 et
351 623 466 682 voltum
482 620 615 681 lacrimis
631 632 724 697 atque
740 641 793 680 ora
808 623 935 700 rigabat.

123 724 230 796 ‘Quae
246 721 343 794 vobis,
361 741 440 799 quae
456 722 558 799 digna,
575 721 639 794 viri,
656 740 712 798 pro
727 722 870 782 laudibus
885 723 952 783 istis

120 823 258 899 praemia
272 840 364 899 posse
379 840 447 880 rear
462 821 560 881 solvi?
585 821 792 880 Pulcherrima
807 823 939 899 primum

121 924 154 982 di
170 941 331 998 moresque
347 922 466 981 dabunt
480 921 591 994 vestri,
614 931 678 981 tum
694 931 797 982 cetera
811 923 920 983 reddet

121 1032 257 1082 actutum
274 1022 344 1099 pius
360 1025 482 1080 Aeneas
498 1031 591 1098 atque
607 1021 726 1099 integer
740 1023 808 1082 aevi

121 1123 285 1194 Ascanius,
302 1121 401 1180 meriti
416 1122 495 1181 tanti
510 1140 572 1180 non
588 1122 746 1181 immemor
761 1124 925 1198 umquam)

122 1226 240 1282 ‘Immo
256 1241 314 1299 ego
328 1240 392 1294 vos,
409 1221 458 1281 cui
474 1221 539 1280 sola
555 1223 638 1281 salus
653 1221 791 1299 genitore
806 1223 954 1295 reducto,’

120 1323 235 1399 excipit
250 1322 413 1394 Ascanius,
432 1329 504 1398 ‘per
518 1340 655 1399 magnos,
673 1321 759 1394 Nise,
775 1322 897 1398 penatis

121 1423 328 1499 Assaracique
344 1422 437 1482 larem
452 1432 482 1482 et
497 1441 593 1481 canae
609 1422 778 1499 penetralia
792 1424 908 1482 Vestae

44 1535 51 1547 ·
120 1524 275 1595 obtestor;
299 1540 511 1599 quaecumque
527 1521 602 1579 mihi
616 1521 740 1581 fortuna
754 1521 893 1598 fidesque
908 1532 964 1595 est,

120 1624 152 1681 in
168 1622 278 1682 vestris
293 1641 376 1698 pono
390 1621 530 1699 gremiis:
553 1631 696 1682 revocate
711 1633 879 1698 parentem,

121 1722 240 1782 reddite
255 1731 473 1798 conspectum;
496 1721 572 1780 nihil
589 1722 640 1781 illo
655 1722 742 1782 triste
757 1734 891 1800 recepto.

121 1822 200 1882 Bina
215 1822 296 1882 dabo
312 1831 439 1900 argento
454 1821 593 1898 perfecta
608 1831 700 1899 atque
716 1842 825 1900 aspera
841 1824 938 1903 signis

120 1925 241 2002 pocula,
258 1925 379 1985 devicta
394 1926 515 2003 genitor
530 1944 610 2002 quae
625 1925 707 2002 cepit
723 1925 843 1998 Arisba,

119 2035 152 2084 et
165 2025 303 2102 tripodas
318 2024 466 2103 geminos,
484 2025 549 2084 auri
564 2026 627 2084 duo
642 2043 753 2103 magna
768 2025 891 2098 talenta,

120 2134 239 2184 cratera
254 2124 413 2202 antiquum
429 2144 521 2201 quem
536 2125 589 2184 dat
606 2125 733 2185 Sidonia
750 2124 840 2184 Dido.

122 2225 154 2284 Si
169 2244 242 2284 vero
258 2243 368 2302 capere
385 2224 505 2284 ltaliam
521 2225 712 2301 sceptrisque
728 2224 819 2300 potiri

121 2324 285 2403 contigerit
299 2324 407 2383 victori
423 2334 453 2384 et
469 2325 601 2401 praedae
617 2325 719 2384 dicere
735 2334 855 2395 sortem,
868 2359 909 2367 —

120 2425 226 2484 vidisti
241 2444 302 2502 quo
317 2425 441 2484 Turnus
458 2444 547 2501 equo,
565 2425 677 2500 quibus
693 2423 757 2483 ibat
772 2425 802 2482 in
819 2423 911 2482 armis

122 2544 233 2584 aureus
245 2547 252 2583 :
263 2524 416 2601 —ipsum
432 2524 525 2596 illum,
542 2524 673 2600 clipeum
690 2523 861 2600 cristasque
876 2523 1014 2582 rubentis

120 2624 273 2701 excipiam
289 2624 372 2696 sorti,
390 2625 451 2683 iam
466 2643 547 2683 nune
562 2633 615 2683 tua
630 2623 773 2700 praemia,
791 2623 875 2682 Nise.

121 2727 284 2784 Praeterea
298 2724 347 2784 bis
362 2743 417 2783 sex
431 2724 552 2802 genitor
566 2723 735 2783 lectissima
749 2733 880 2782 matrum

120 2843 251 2901 corpora
266 2823 465 2901 captivosque
481 2824 566 2883 dabit
582 2843 699 2900 suaque
714 2823 857 2882 omnibus
874 2842 965 2896 arma,

120 2925 248 3001 insuper
263 2923 311 2983 his
326 2925 427 3000 campi
443 2925 526 3001 quod
541 2943 594 2983 rex
609 2924 704 2983 habet
718 2925 785 3000 ipse
801 2923 938 2983 Latinus

121 3026 168 3084 Te
180 3043 262 3097 vero,
278 3043 347 3083 mea
362 3043 453 3101 quem
469 3024 578 3100 spatiis
593 3023 787 3100 propioribus
802 3033 887 3083 aetas
1069 3035 1115 3087 ²75

120 3124 300 3200 insequitur,
318 3125 492 3184 venerande
507 3143 590 3200 puer,
608 3124 667 3182 iam
683 3133 807 3201 pectore
823 3133 888 3182 toto

165 3288 224 3336 259.
244 3273 286 3323 Cf.
297 3275 329 3322 V.
339 3288 402 3335 744:
419 3276 636 3337 Pergameumque
647 3276 728 3324 larem
741 3281 766 3321 et
775 3290 853 3323 canae
863 3273 1010 3337 penetralia
1024 3272 1108 3320 Vestae

121 3385 155 3394 -
164 3363 223 3420 263.
244 3356 286 3406 Cf.
299 3358 331 3405 V.
345 3357 403 3418 267:
421 3358 566 3421 cymbiaque
577 3364 680 3420 argento
686 3358 801 3421 perfecta
812 3363 888 3420 atque
898 3363 988 3418 aspera
996 3357 1082 3419 signis.
