<?xml version="1.0" encoding="UTF-8"?>
<!DOCTYPE html PUBLIC "-//W3C//DTD XHTML 1.0 Transitional//EN"
    "http://www.w3.org/TR/xhtml1/DTD/xhtml1-transitional.dtd">
<html xmlns="http://www.w3.org/1999/xhtml" xml:lang="en" lang="en">
 <head>
  <title>
</title>
<meta http-equiv="Content-Type" content="text/html;charset=utf-8" />
  <meta name='ocr-system' content='tesseract 3.04.00' />
  <meta name='ocr-capabilities' content='ocr_page ocr_carea ocr_par ocr_line ocrx_word'/>
</head>
<body>
  <div class='ocr_page' id='page_1' title='image "./ninthbookvergil00cutlgoog/ninthbookvergil00cutlgoog_0031.png"; bbox 0 0 2414 3694; ppageno 0'>
   <div class='ocr_carea' id='block_1_1' title="bbox 423 247 758 292">
    <p class='ocr_par' dir='ltr' id='par_1_1' title="bbox 423 247 758 292">
     <span class='ocr_line' id='line_1_1' title="bbox 423 247 758 292; baseline 0.006 -2"><span class='ocrx_word' id='word_1_1' title='bbox 423 247 597 292; x_wconf 83' lang='lat' dir='ltr'><strong>AENEIDOS</strong></span> <span class='ocrx_word' id='word_1_2' title='bbox 623 247 686 292; x_wconf 91' lang='lat' dir='ltr'>LIB.</span> <span class='ocrx_word' id='word_1_3' title='bbox 715 247 758 292; x_wconf 87' lang='lat' dir='ltr'><strong>1x.</strong></span> 
     </span>
    </p>
   </div>
   <div class='ocr_carea' id='block_1_2' title="bbox 92 418 975 3095">
    <p class='ocr_par' dir='ltr' id='par_1_2' title="bbox 92 418 953 1494">
     <span class='ocr_line' id='line_1_2' title="bbox 92 418 890 495; baseline 0.001 -17"><span class='ocrx_word' id='word_1_4' title='bbox 92 421 176 479; x_wconf 78' lang='lat' dir='ltr'><strong>fama</strong></span> <span class='ocrx_word' id='word_1_5' title='bbox 192 430 241 479; x_wconf 91' lang='lat' dir='ltr'><strong>sat</strong></span> <span class='ocrx_word' id='word_1_6' title='bbox 255 419 478 480; x_wconf 83' lang='lat' dir='ltr'><strong>est-tumulo</strong></span> <span class='ocrx_word' id='word_1_7' title='bbox 494 420 600 479; x_wconf 91' lang='lat' dir='ltr'><strong>videor</strong></span> <span class='ocrx_word' id='word_1_8' title='bbox 615 420 747 495; x_wconf 89' lang='lat' dir='ltr'><strong>reperire</strong></span> <span class='ocrx_word' id='word_1_9' title='bbox 763 419 821 478; x_wconf 93' lang='lat' dir='ltr'><strong>sub</strong></span> <span class='ocrx_word' id='word_1_10' title='bbox 837 418 890 479; x_wconf 94' lang='lat' dir='ltr'><strong>illo</strong></span> 
     </span>
     <span class='ocr_line' id='line_1_3' title="bbox 93 519 837 597; baseline 0 -18"><span class='ocrx_word' id='word_1_11' title='bbox 93 539 187 597; x_wconf 92' lang='lat' dir='ltr'><strong>posse</strong></span> <span class='ocrx_word' id='word_1_12' title='bbox 203 519 284 578; x_wconf 91' lang='lat' dir='ltr'><strong>viam</strong></span> <span class='ocrx_word' id='word_1_13' title='bbox 300 520 339 579; x_wconf 84' lang='lat' dir='ltr'><strong>ad</strong></span> <span class='ocrx_word' id='word_1_14' title='bbox 355 539 459 593; x_wconf 86' lang='lat' dir='ltr'><strong>muros</strong></span> <span class='ocrx_word' id='word_1_15' title='bbox 474 529 504 578; x_wconf 91' lang='lat' dir='ltr'><strong>et</strong></span> <span class='ocrx_word' id='word_1_16' title='bbox 520 519 642 578; x_wconf 91' lang='lat' dir='ltr'><strong>moenia</strong></span> <span class='ocrx_word' id='word_1_17' title='bbox 658 519 837 579; x_wconf 82' lang='lat' dir='ltr'><strong>Pallantea&#39;</strong></span> 
     </span>
     <span class='ocr_line' id='line_1_4' title="bbox 93 620 825 697; baseline -0.003 -17"><span class='ocrx_word' id='word_1_18' title='bbox 93 620 256 696; x_wconf 91' lang='lat' dir='ltr'><strong>Obstipuit</strong></span> <span class='ocrx_word' id='word_1_19' title='bbox 270 638 383 697; x_wconf 83' lang='lat' dir='ltr'><strong>magno</strong></span> <span class='ocrx_word' id='word_1_20' title='bbox 399 620 525 679; x_wconf 85' lang='lat' dir='ltr'><strong>laudum</strong></span> <span class='ocrx_word' id='word_1_21' title='bbox 540 638 706 695; x_wconf 91' lang='lat' dir='ltr'><strong>percussus</strong></span> <span class='ocrx_word' id='word_1_22' title='bbox 722 638 825 678; x_wconf 90' lang='lat' dir='ltr'><strong>amore</strong></span> 
     </span>
     <span class='ocr_line' id='line_1_5' title="bbox 95 719 921 798; baseline 0.001 -20"><span class='ocrx_word' id='word_1_23' title='bbox 95 720 261 798; x_wconf 81' lang='lat' dir='ltr'><strong>Euryalus3</strong></span> <span class='ocrx_word' id='word_1_24' title='bbox 286 719 376 779; x_wconf 92' lang='lat' dir='ltr'><strong>simul</strong></span> <span class='ocrx_word' id='word_1_25' title='bbox 391 719 440 778; x_wconf 91' lang='lat' dir='ltr'><strong>his</strong></span> <span class='ocrx_word' id='word_1_26' title='bbox 455 719 614 779; x_wconf 88' lang='lat' dir='ltr'><strong>ardentem</strong></span> <span class='ocrx_word' id='word_1_27' title='bbox 630 719 753 779; x_wconf 80' lang='lat' dir='ltr'><strong>adfatur</strong></span> <span class='ocrx_word' id='word_1_28' title='bbox 768 720 899 779; x_wconf 92' lang='lat' dir='ltr'><strong>amicum</strong></span> <span class='ocrx_word' id='word_1_29' title='bbox 915 743 921 779; x_wconf 94' lang='lat'>:</span> 
     </span>
     <span class='ocr_line' id='line_1_6' title="bbox 94 818 888 897; baseline 0.001 -19"><span class='ocrx_word' id='word_1_30' title='bbox 94 821 208 878; x_wconf 87' lang='lat' dir='ltr'>‘Mene</span> <span class='ocrx_word' id='word_1_31' title='bbox 224 819 316 897; x_wconf 89' lang='lat' dir='ltr'><strong>igitur</strong></span> <span class='ocrx_word' id='word_1_32' title='bbox 330 820 447 879; x_wconf 90' lang='lat' dir='ltr'><strong>socium</strong></span> <span class='ocrx_word' id='word_1_33' title='bbox 463 820 590 878; x_wconf 91' lang='lat' dir='ltr'><strong>summis</strong></span> <span class='ocrx_word' id='word_1_34' title='bbox 606 818 772 897; x_wconf 90' lang='lat' dir='ltr'><strong>adiungere</strong></span> <span class='ocrx_word' id='word_1_35' title='bbox 788 819 888 891; x_wconf 74' lang='lat' dir='ltr'><strong>rebus</strong></span> 
     </span>
     <span class='ocr_line' id='line_1_7' title="bbox 94 919 953 997; baseline -0.001 -19"><span class='ocrx_word' id='word_1_36' title='bbox 94 920 181 990; x_wconf 91' lang='lat' dir='ltr'><strong>Nise,</strong></span> <span class='ocrx_word' id='word_1_37' title='bbox 198 919 301 997; x_wconf 81' lang='lat' dir='ltr'><strong>iugis?</strong></span> <span class='ocrx_word' id='word_1_38' title='bbox 348 920 453 979; x_wconf 90' lang='lat' dir='ltr'><strong>Solum</strong></span> <span class='ocrx_word' id='word_1_39' title='bbox 469 929 500 979; x_wconf 92' lang='lat' dir='ltr'><strong>te</strong></span> <span class='ocrx_word' id='word_1_40' title='bbox 516 920 547 977; x_wconf 94' lang='lat' dir='ltr'><strong>in</strong></span> <span class='ocrx_word' id='word_1_41' title='bbox 562 928 648 979; x_wconf 88' lang='lat' dir='ltr'><strong>tanta</strong></span> <span class='ocrx_word' id='word_1_42' title='bbox 662 919 800 995; x_wconf 90' lang='lat' dir='ltr'><strong>pericula</strong></span> <span class='ocrx_word' id='word_1_43' title='bbox 815 920 953 980; x_wconf 84' lang='lat' dir='ltr'><strong>mittam?</strong></span> 
     </span>
     <span class='ocr_line' id='line_1_8' title="bbox 94 1019 875 1096; baseline 0 -18"><span class='ocrx_word' id='word_1_44' title='bbox 94 1022 168 1078; x_wconf 93' lang='lat' dir='ltr'><strong>Non</strong></span> <span class='ocrx_word' id='word_1_45' title='bbox 183 1020 226 1079; x_wconf 90' lang='lat' dir='ltr'><strong>ita</strong></span> <span class='ocrx_word' id='word_1_46' title='bbox 240 1039 289 1079; x_wconf 91' lang='lat' dir='ltr'><strong>me</strong></span> <span class='ocrx_word' id='word_1_47' title='bbox 304 1020 431 1096; x_wconf 84' lang='lat' dir='ltr'><strong>genitor,</strong></span> <span class='ocrx_word' id='word_1_48' title='bbox 448 1019 538 1078; x_wconf 94' lang='lat' dir='ltr'><strong>bellis</strong></span> <span class='ocrx_word' id='word_1_49' title='bbox 553 1019 701 1078; x_wconf 90' lang='lat' dir='ltr'><strong>adsuetus</strong></span> <span class='ocrx_word' id='word_1_50' title='bbox 716 1020 875 1096; x_wconf 90' lang='lat' dir='ltr'><strong>Opheltes,</strong></span> 
     </span>
     <span class='ocr_line' id='line_1_9' title="bbox 94 1119 856 1197; baseline 0 -19"><span class='ocrx_word' id='word_1_51' title='bbox 94 1119 273 1197; x_wconf 89' lang='lat' dir='ltr'><strong>Argolicum</strong></span> <span class='ocrx_word' id='word_1_52' title='bbox 289 1129 435 1180; x_wconf 90' lang='lat' dir='ltr'><strong>terrorem</strong></span> <span class='ocrx_word' id='word_1_53' title='bbox 450 1119 529 1179; x_wconf 92' lang='lat' dir='ltr'><strong>inter</strong></span> <span class='ocrx_word' id='word_1_54' title='bbox 544 1119 718 1194; x_wconf 90' lang='lat' dir='ltr'><strong>Troiaeque</strong></span> <span class='ocrx_word' id='word_1_55' title='bbox 734 1119 856 1179; x_wconf 90' lang='lat' dir='ltr'><strong>labores</strong></span> 
     </span>
     <span class='ocr_line' id='line_1_10' title="bbox 94 1218 771 1297; baseline -0.004 -19"><span class='ocrx_word' id='word_1_56' title='bbox 94 1219 250 1279; x_wconf 91' lang='lat' dir='ltr'><strong>sublatum</strong></span> <span class='ocrx_word' id='word_1_57' title='bbox 265 1219 385 1297; x_wconf 84' lang='lat' dir='ltr'><strong>erudiit,</strong></span> <span class='ocrx_word' id='word_1_58' title='bbox 403 1238 460 1280; x_wconf 90' lang='lat' dir='ltr'><strong>nec</strong></span> <span class='ocrx_word' id='word_1_59' title='bbox 475 1229 577 1279; x_wconf 90' lang='lat' dir='ltr'><strong>tecum</strong></span> <span class='ocrx_word' id='word_1_60' title='bbox 592 1218 665 1278; x_wconf 89' lang='lat' dir='ltr'><strong>talia</strong></span> <span class='ocrx_word' id='word_1_61' title='bbox 679 1218 771 1296; x_wconf 88' lang='lat' dir='ltr'>gessi,</span> 
     </span>
     <span class='ocr_line' id='line_1_11' title="bbox 95 1319 907 1396; baseline 0.001 -19"><span class='ocrx_word' id='word_1_62' title='bbox 95 1319 324 1396; x_wconf 85' lang='lat' dir='ltr'><strong>magnanimum</strong></span> <span class='ocrx_word' id='word_1_63' title='bbox 341 1323 468 1378; x_wconf 87' lang='lat' dir='ltr'><strong>Aenean</strong></span> <span class='ocrx_word' id='word_1_64' title='bbox 485 1329 516 1378; x_wconf 92' lang='lat' dir='ltr'><strong>et</strong></span> <span class='ocrx_word' id='word_1_65' title='bbox 530 1319 595 1378; x_wconf 80' lang='lat' dir='ltr'><strong>iata</strong></span> <span class='ocrx_word' id='word_1_66' title='bbox 611 1327 747 1378; x_wconf 86' lang='lat' dir='ltr'><strong>extrema</strong></span> <span class='ocrx_word' id='word_1_67' title='bbox 762 1329 907 1379; x_wconf 89' lang='lat' dir='ltr'><strong>secutus:</strong></span> 
     </span>
     <span class='ocr_line' id='line_1_12' title="bbox 93 1419 881 1494; baseline 0 -16"><span class='ocrx_word' id='word_1_68' title='bbox 93 1428 143 1478; x_wconf 93' lang='lat' dir='ltr'><strong>est</strong></span> <span class='ocrx_word' id='word_1_69' title='bbox 159 1419 216 1489; x_wconf 90' lang='lat' dir='ltr'><strong>hic,</strong></span> <span class='ocrx_word' id='word_1_70' title='bbox 234 1428 281 1478; x_wconf 91' lang='lat' dir='ltr'><strong>est</strong></span> <span class='ocrx_word' id='word_1_71' title='bbox 296 1419 417 1478; x_wconf 85' lang='lat' dir='ltr'><strong>animus</strong></span> <span class='ocrx_word' id='word_1_72' title='bbox 432 1419 509 1478; x_wconf 90' lang='lat' dir='ltr'><strong>lucis</strong></span> <span class='ocrx_word' id='word_1_73' title='bbox 525 1428 726 1494; x_wconf 85' lang='lat' dir='ltr'><strong>contemptor,</strong></span> <span class='ocrx_word' id='word_1_74' title='bbox 744 1429 775 1478; x_wconf 90' lang='lat' dir='ltr'><strong>et</strong></span> <span class='ocrx_word' id='word_1_75' title='bbox 789 1419 881 1478; x_wconf 90' lang='lat' dir='ltr'><strong>istum</strong></span> 
     </span>
    </p>

    <p class='ocr_par' dir='ltr' id='par_1_3' title="bbox 94 1518 974 1996">
     <span class='ocr_line' id='line_1_13' title="bbox 94 1518 896 1595; baseline -0.001 -18"><span class='ocrx_word' id='word_1_76' title='bbox 94 1519 149 1595; x_wconf 93' lang='lat' dir='ltr'><strong>qui</strong></span> <span class='ocrx_word' id='word_1_77' title='bbox 164 1518 227 1576; x_wconf 87' lang='lat' dir='ltr'><strong>vita</strong></span> <span class='ocrx_word' id='word_1_78' title='bbox 241 1518 320 1579; x_wconf 91' lang='lat' dir='ltr'><strong>bene</strong></span> <span class='ocrx_word' id='word_1_79' title='bbox 337 1518 443 1578; x_wconf 92' lang='lat' dir='ltr'><strong>credat</strong></span> <span class='ocrx_word' id='word_1_80' title='bbox 457 1520 518 1579; x_wconf 91' lang='lat' dir='ltr'><strong>emi</strong></span> <span class='ocrx_word' id='word_1_81' title='bbox 533 1538 595 1594; x_wconf 94' lang='lat' dir='ltr'><strong>quo</strong></span> <span class='ocrx_word' id='word_1_82' title='bbox 611 1519 713 1578; x_wconf 91' lang='lat' dir='ltr'><strong>tendis</strong></span> <span class='ocrx_word' id='word_1_83' title='bbox 729 1519 896 1578; x_wconf 88' lang='lat' dir='ltr'><strong>honorem&#39;</strong></span> 
     </span>
     <span class='ocr_line' id='line_1_14' title="bbox 95 1618 943 1695; baseline 0 -18"><span class='ocrx_word' id='word_1_84' title='bbox 95 1619 192 1678; x_wconf 93' lang='lat' dir='ltr'><strong>Nisus</strong></span> <span class='ocrx_word' id='word_1_85' title='bbox 208 1618 247 1677; x_wconf 90' lang='lat' dir='ltr'><strong>ad</strong></span> <span class='ocrx_word' id='word_1_86' title='bbox 262 1618 360 1678; x_wconf 90' lang='lat' dir='ltr'><strong>haec:</strong></span> <span class='ocrx_word' id='word_1_87' title='bbox 385 1619 555 1695; x_wconf 85' lang='lat' dir='ltr'><strong>‘Equidem</strong></span> <span class='ocrx_word' id='word_1_88' title='bbox 570 1618 609 1678; x_wconf 92' lang='lat' dir='ltr'><strong>de</strong></span> <span class='ocrx_word' id='word_1_89' title='bbox 625 1628 656 1678; x_wconf 92' lang='lat' dir='ltr'><strong>te</strong></span> <span class='ocrx_word' id='word_1_90' title='bbox 672 1619 714 1676; x_wconf 94' lang='lat' dir='ltr'><strong>nil</strong></span> <span class='ocrx_word' id='word_1_91' title='bbox 730 1620 791 1678; x_wconf 86' lang='lat' dir='ltr'><strong>tale</strong></span> <span class='ocrx_word' id='word_1_92' title='bbox 807 1619 943 1690; x_wconf 91' lang='lat' dir='ltr'><strong>verebar,</strong></span> 
     </span>
     <span class='ocr_line' id='line_1_15' title="bbox 94 1718 974 1796; baseline 0 -20"><span class='ocrx_word' id='word_1_93' title='bbox 94 1736 154 1777; x_wconf 94' lang='lat' dir='ltr'><strong>nec</strong></span> <span class='ocrx_word' id='word_1_94' title='bbox 169 1718 235 1791; x_wconf 84' lang='lat' dir='ltr'><strong>ias;</strong></span> <span class='ocrx_word' id='word_1_95' title='bbox 258 1738 339 1778; x_wconf 88' lang='lat' dir='ltr'><strong>non:</strong></span> <span class='ocrx_word' id='word_1_96' title='bbox 363 1718 406 1778; x_wconf 91' lang='lat' dir='ltr'><strong>ita</strong></span> <span class='ocrx_word' id='word_1_97' title='bbox 421 1737 469 1778; x_wconf 95' lang='lat' dir='ltr'><strong>me</strong></span> <span class='ocrx_word' id='word_1_98' title='bbox 485 1719 598 1778; x_wconf 84' lang='lat' dir='ltr'><strong>referat</strong></span> <span class='ocrx_word' id='word_1_99' title='bbox 613 1718 669 1778; x_wconf 91' lang='lat' dir='ltr'><strong>tibi</strong></span> <span class='ocrx_word' id='word_1_100' title='bbox 686 1737 815 1796; x_wconf 85' lang='lat' dir='ltr'><strong>magnus</strong></span> <span class='ocrx_word' id='word_1_101' title='bbox 830 1730 974 1778; x_wconf 91' lang='lat' dir='ltr'><strong>ovantem</strong></span> 
     </span>
     <span class='ocr_line' id='line_1_16' title="bbox 96 1818 965 1895; baseline 0.002 -19"><span class='ocrx_word' id='word_1_102' title='bbox 96 1818 235 1895; x_wconf 92' lang='lat' dir='ltr'><strong>Iuppiter</strong></span> <span class='ocrx_word' id='word_1_103' title='bbox 250 1828 302 1878; x_wconf 88' lang='lat' dir='ltr'><strong>aut</strong></span> <span class='ocrx_word' id='word_1_104' title='bbox 317 1818 502 1895; x_wconf 86' lang='lat' dir='ltr'><strong>quicumque</strong></span> <span class='ocrx_word' id='word_1_105' title='bbox 517 1819 615 1878; x_wconf 91' lang='lat' dir='ltr'><strong>oculis</strong></span> <span class='ocrx_word' id='word_1_106' title='bbox 631 1820 708 1878; x_wconf 91' lang='lat' dir='ltr'><strong>haec</strong></span> <span class='ocrx_word' id='word_1_107' title='bbox 723 1819 834 1895; x_wconf 90' lang='lat' dir='ltr'><strong>aspicit</strong></span> <span class='ocrx_word' id='word_1_108' title='bbox 850 1820 965 1895; x_wconf 91' lang='lat' dir='ltr'><strong>aequis.</strong></span> 
     </span>
     <span class='ocr_line' id='line_1_17' title="bbox 96 1917 873 1996; baseline -0.003 -18"><span class='ocrx_word' id='word_1_109' title='bbox 96 1919 161 1978; x_wconf 90' lang='lat' dir='ltr'><strong>Sed</strong></span> <span class='ocrx_word' id='word_1_110' title='bbox 176 1917 202 1977; x_wconf 90' lang='lat' dir='ltr'><strong>si</strong></span> <span class='ocrx_word' id='word_1_111' title='bbox 218 1917 295 1994; x_wconf 92' lang='lat' dir='ltr'><strong>quis,</strong></span> <span class='ocrx_word' id='word_1_112' title='bbox 313 1938 392 1996; x_wconf 90' lang='lat' dir='ltr'><strong>quae</strong></span> <span class='ocrx_word' id='word_1_113' title='bbox 407 1919 503 1979; x_wconf 89' lang='lat' dir='ltr'><strong>multa</strong></span> <span class='ocrx_word' id='word_1_114' title='bbox 517 1918 604 1978; x_wconf 91' lang='lat' dir='ltr'><strong>vides</strong></span> <span class='ocrx_word' id='word_1_115' title='bbox 620 1918 796 1978; x_wconf 89' lang='lat' dir='ltr'><strong>discrimine</strong></span> <span class='ocrx_word' id='word_1_116' title='bbox 811 1919 873 1992; x_wconf 86' lang='lat' dir='ltr'><strong>tali,</strong></span> 
     </span>
    </p>

    <p class='ocr_par' dir='ltr' id='par_1_4' title="bbox 95 2018 833 2095">
     <span class='ocr_line' id='line_1_18' title="bbox 95 2018 833 2095; baseline 0.003 -19"><span class='ocrx_word' id='word_1_117' title='bbox 95 2018 122 2076; x_wconf 93' lang='lat' dir='ltr'><strong>si</strong></span> <span class='ocrx_word' id='word_1_118' title='bbox 139 2018 208 2094; x_wconf 91' lang='lat' dir='ltr'><strong>quis</strong></span> <span class='ocrx_word' id='word_1_119' title='bbox 223 2021 254 2076; x_wconf 91' lang='lat' dir='ltr'><strong>in</strong></span> <span class='ocrx_word' id='word_1_120' title='bbox 271 2018 433 2078; x_wconf 86' lang='lat' dir='ltr'><strong>adversum</strong></span> <span class='ocrx_word' id='word_1_121' title='bbox 449 2018 549 2095; x_wconf 87' lang='lat' dir='ltr'><strong>rapiat</strong></span> <span class='ocrx_word' id='word_1_122' title='bbox 563 2037 692 2078; x_wconf 88' lang='lat' dir='ltr'><strong>casusve</strong></span> <span class='ocrx_word' id='word_1_123' title='bbox 708 2019 833 2091; x_wconf 87' lang='lat' dir='ltr'><strong>deusve,</strong></span> 
     </span>
    </p>

    <p class='ocr_par' dir='ltr' id='par_1_5' title="bbox 95 2118 829 2196">
     <span class='ocr_line' id='line_1_19' title="bbox 95 2118 829 2196; baseline 0.001 -19"><span class='ocrx_word' id='word_1_124' title='bbox 95 2128 126 2177; x_wconf 90' lang='lat' dir='ltr'><strong>te</strong></span> <span class='ocrx_word' id='word_1_125' title='bbox 143 2136 304 2194; x_wconf 90' lang='lat' dir='ltr'><strong>superesse</strong></span> <span class='ocrx_word' id='word_1_126' title='bbox 319 2118 431 2189; x_wconf 79' lang='lat' dir='ltr'><strong>velim3</strong></span> <span class='ocrx_word' id='word_1_127' title='bbox 455 2128 508 2178; x_wconf 92' lang='lat' dir='ltr'><strong>tua</strong></span> <span class='ocrx_word' id='word_1_128' title='bbox 523 2119 586 2178; x_wconf 91' lang='lat' dir='ltr'><strong>vita</strong></span> <span class='ocrx_word' id='word_1_129' title='bbox 600 2118 721 2196; x_wconf 90' lang='lat' dir='ltr'><strong>dignior</strong></span> <span class='ocrx_word' id='word_1_130' title='bbox 735 2129 829 2179; x_wconf 88' lang='lat' dir='ltr'><strong>aetas.</strong></span> 
     </span>
    </p>

    <p class='ocr_par' dir='ltr' id='par_1_6' title="bbox 96 2217 975 2495">
     <span class='ocr_line' id='line_1_20' title="bbox 97 2217 891 2296; baseline -0.001 -18"><span class='ocrx_word' id='word_1_131' title='bbox 97 2217 144 2278; x_wconf 91' lang='lat' dir='ltr'><strong>Sit</strong></span> <span class='ocrx_word' id='word_1_132' title='bbox 159 2219 211 2294; x_wconf 90' lang='lat' dir='ltr'><strong>qui</strong></span> <span class='ocrx_word' id='word_1_133' title='bbox 227 2236 276 2277; x_wconf 94' lang='lat' dir='ltr'><strong>me</strong></span> <span class='ocrx_word' id='word_1_134' title='bbox 291 2228 412 2295; x_wconf 84' lang='lat' dir='ltr'><strong>raptum</strong></span> <span class='ocrx_word' id='word_1_135' title='bbox 428 2237 531 2296; x_wconf 88' lang='lat' dir='ltr'><strong>pugna</strong></span> <span class='ocrx_word' id='word_1_136' title='bbox 547 2218 683 2296; x_wconf 90' lang='lat' dir='ltr'><strong>pretiove</strong></span> <span class='ocrx_word' id='word_1_137' title='bbox 699 2219 891 2295; x_wconf 89' lang='lat' dir='ltr'><strong>redemptum</strong></span> 
     </span>
     <span class='ocr_line' id='line_1_21' title="bbox 97 2318 975 2395; baseline 0.002 -19"><span class='ocrx_word' id='word_1_138' title='bbox 97 2318 223 2377; x_wconf 91' lang='lat' dir='ltr'><strong>mandet</strong></span> <span class='ocrx_word' id='word_1_139' title='bbox 239 2318 339 2391; x_wconf 88' lang='lat' dir='ltr'><strong>humo,</strong></span> <span class='ocrx_word' id='word_1_140' title='bbox 357 2319 447 2378; x_wconf 89' lang='lat' dir='ltr'><strong>solita</strong></span> <span class='ocrx_word' id='word_1_141' title='bbox 463 2327 516 2378; x_wconf 85' lang='lat' dir='ltr'><strong>aut</strong></span> <span class='ocrx_word' id='word_1_142' title='bbox 531 2318 557 2378; x_wconf 92' lang='lat' dir='ltr'><strong>si</strong></span> <span class='ocrx_word' id='word_1_143' title='bbox 574 2319 682 2395; x_wconf 88' lang='lat' dir='ltr'><strong>quaid</strong></span> <span class='ocrx_word' id='word_1_144' title='bbox 698 2321 835 2379; x_wconf 92' lang='lat' dir='ltr'><strong>Fortuna</strong></span> <span class='ocrx_word' id='word_1_145' title='bbox 849 2318 975 2391; x_wconf 84' lang='lat' dir='ltr'><strong>vetabit,</strong></span> 
     </span>
     <span class='ocr_line' id='line_1_22' title="bbox 96 2418 819 2495; baseline 0.003 -19"><span class='ocrx_word' id='word_1_146' title='bbox 96 2418 218 2477; x_wconf 90' lang='lat' dir='ltr'><strong>absenti</strong></span> <span class='ocrx_word' id='word_1_147' title='bbox 233 2418 312 2478; x_wconf 82' lang='lat' dir='ltr'><strong>ierat</strong></span> <span class='ocrx_word' id='word_1_148' title='bbox 327 2419 451 2478; x_wconf 80' lang='lat' dir='ltr'><strong>inferias</strong></span> <span class='ocrx_word' id='word_1_149' title='bbox 468 2419 654 2495; x_wconf 89' lang='lat' dir='ltr'><strong>decoretque</strong></span> <span class='ocrx_word' id='word_1_150' title='bbox 670 2421 819 2495; x_wconf 89' lang='lat' dir='ltr'><strong>sepulcro.</strong></span> 
     </span>
    </p>

    <p class='ocr_par' dir='ltr' id='par_1_7' title="bbox 97 2517 830 2591">
     <span class='ocr_line' id='line_1_23' title="bbox 97 2517 830 2591; baseline 0.003 -15"><span class='ocrx_word' id='word_1_151' title='bbox 97 2520 167 2576; x_wconf 94' lang='lat' dir='ltr'><strong>Neu</strong></span> <span class='ocrx_word' id='word_1_152' title='bbox 183 2517 271 2576; x_wconf 85' lang='lat' dir='ltr'><strong>matri</strong></span> <span class='ocrx_word' id='word_1_153' title='bbox 287 2518 416 2578; x_wconf 88' lang='lat' dir='ltr'><strong>miserae</strong></span> <span class='ocrx_word' id='word_1_154' title='bbox 431 2520 510 2578; x_wconf 90' lang='lat' dir='ltr'><strong>tanti</strong></span> <span class='ocrx_word' id='word_1_155' title='bbox 525 2517 583 2578; x_wconf 91' lang='lat' dir='ltr'><strong>sim</strong></span> <span class='ocrx_word' id='word_1_156' title='bbox 598 2537 692 2578; x_wconf 90' lang='lat' dir='ltr'><strong>causa</strong></span> <span class='ocrx_word' id='word_1_157' title='bbox 707 2518 830 2591; x_wconf 89' lang='lat' dir='ltr'><strong>doloris,</strong></span> 
     </span>
    </p>

    <p class='ocr_par' dir='ltr' id='par_1_8' title="bbox 95 2617 899 3095">
     <span class='ocr_line' id='line_1_24' title="bbox 96 2617 823 2694; baseline 0.003 -19"><span class='ocrx_word' id='word_1_158' title='bbox 96 2636 176 2694; x_wconf 88' lang='lat' dir='ltr'><strong>quae</strong></span> <span class='ocrx_word' id='word_1_159' title='bbox 191 2626 222 2677; x_wconf 93' lang='lat' dir='ltr'><strong>te</strong></span> <span class='ocrx_word' id='word_1_160' title='bbox 238 2617 312 2690; x_wconf 85' lang='lat' dir='ltr'><strong>sola,</strong></span> <span class='ocrx_word' id='word_1_161' title='bbox 330 2637 413 2694; x_wconf 89' lang='lat' dir='ltr'><strong>puer,</strong></span> <span class='ocrx_word' id='word_1_162' title='bbox 431 2618 534 2678; x_wconf 93' lang='lat' dir='ltr'><strong>multis</strong></span> <span class='ocrx_word' id='word_1_163' title='bbox 550 2638 567 2678; x_wconf 91' lang='lat' dir='ltr'><strong>e</strong></span> <span class='ocrx_word' id='word_1_164' title='bbox 583 2618 732 2678; x_wconf 88' lang='lat' dir='ltr'><strong>matribus</strong></span> <span class='ocrx_word' id='word_1_165' title='bbox 748 2637 823 2678; x_wconf 91' lang='lat' dir='ltr'><strong>ausa</strong></span> 
     </span>
     <span class='ocr_line' id='line_1_25' title="bbox 95 2717 899 2795; baseline 0.001 -19"><span class='ocrx_word' id='word_1_166' title='bbox 95 2717 297 2793; x_wconf 90' lang='lat' dir='ltr'><strong>persequitur,</strong></span> <span class='ocrx_word' id='word_1_167' title='bbox 313 2717 417 2795; x_wconf 85' lang='lat' dir='ltr'><strong>magni</strong></span> <span class='ocrx_word' id='word_1_168' title='bbox 432 2736 490 2778; x_wconf 91' lang='lat' dir='ltr'><strong>nec</strong></span> <span class='ocrx_word' id='word_1_169' title='bbox 506 2717 628 2776; x_wconf 90' lang='lat' dir='ltr'><strong>moenia</strong></span> <span class='ocrx_word' id='word_1_170' title='bbox 643 2727 730 2777; x_wconf 87' lang='lat' dir='ltr'><strong>curat</strong></span> <span class='ocrx_word' id='word_1_171' title='bbox 746 2719 899 2777; x_wconf 83' lang='lat' dir='ltr'><strong>Acestae&#39;</strong></span> 
     </span>
     <span class='ocr_line' id='line_1_26' title="bbox 97 2817 895 2895; baseline 0.003 -19"><span class='ocrx_word' id='word_1_172' title='bbox 97 2817 154 2877; x_wconf 91' lang='lat' dir='ltr'><strong>Ille</strong></span> <span class='ocrx_word' id='word_1_173' title='bbox 171 2827 289 2877; x_wconf 88' lang='lat' dir='ltr'><strong>autem:</strong></span> <span class='ocrx_word' id='word_1_174' title='bbox 314 2819 452 2877; x_wconf 85' lang='lat' dir='ltr'><strong>‘Causas</strong></span> <span class='ocrx_word' id='word_1_175' title='bbox 467 2819 655 2895; x_wconf 90' lang='lat' dir='ltr'><strong>nequiquam</strong></span> <span class='ocrx_word' id='word_1_176' title='bbox 672 2817 769 2878; x_wconf 91' lang='lat' dir='ltr'><strong>nectis</strong></span> <span class='ocrx_word' id='word_1_177' title='bbox 785 2818 895 2890; x_wconf 87' lang='lat' dir='ltr'><strong>inanis,</strong></span> 
     </span>
     <span class='ocr_line' id='line_1_27' title="bbox 96 2917 812 2978; baseline 0.003 -3"><span class='ocrx_word' id='word_1_178' title='bbox 96 2936 153 2977; x_wconf 92' lang='lat' dir='ltr'><strong>nec</strong></span> <span class='ocrx_word' id='word_1_179' title='bbox 168 2936 237 2976; x_wconf 86' lang='lat' dir='ltr'><strong>mea</strong></span> <span class='ocrx_word' id='word_1_180' title='bbox 253 2917 313 2976; x_wconf 92' lang='lat' dir='ltr'><strong>iam</strong></span> <span class='ocrx_word' id='word_1_181' title='bbox 328 2927 445 2976; x_wconf 86' lang='lat' dir='ltr'><strong>mutata</strong></span> <span class='ocrx_word' id='word_1_182' title='bbox 460 2918 528 2977; x_wconf 93' lang='lat' dir='ltr'><strong>loco</strong></span> <span class='ocrx_word' id='word_1_183' title='bbox 544 2918 698 2977; x_wconf 88' lang='lat' dir='ltr'><strong>sententia</strong></span> <span class='ocrx_word' id='word_1_184' title='bbox 713 2918 812 2978; x_wconf 88' lang='lat' dir='ltr'><strong>cedit:</strong></span> 
     </span>
     <span class='ocr_line' id='line_1_28' title="bbox 97 3017 872 3095; baseline 0 -19"><span class='ocrx_word' id='word_1_185' title='bbox 97 3018 322 3090; x_wconf 89' lang='lat' dir='ltr'><strong>acceleremus‚’</strong></span> <span class='ocrx_word' id='word_1_186' title='bbox 339 3017 390 3077; x_wconf 90' lang='lat' dir='ltr'><strong>ait.</strong></span> <span class='ocrx_word' id='word_1_187' title='bbox 435 3017 552 3095; x_wconf 88' lang='lat' dir='ltr'><strong>Vigiles</strong></span> <span class='ocrx_word' id='word_1_188' title='bbox 569 3017 658 3077; x_wconf 92' lang='lat' dir='ltr'><strong>simul</strong></span> <span class='ocrx_word' id='word_1_189' title='bbox 674 3020 804 3078; x_wconf 85' lang='lat' dir='ltr'><strong>excitat:</strong></span> <span class='ocrx_word' id='word_1_190' title='bbox 829 3019 872 3077; x_wconf 93' lang='lat' dir='ltr'><strong>illi</strong></span> 
     </span>
    </p>
   </div>
   <div class='ocr_carea' id='block_1_3' title="bbox 96 3183 1094 3416">
    <p class='ocr_par' dir='ltr' id='par_1_9' title="bbox 96 3183 1094 3416">
     <span class='ocr_line' id='line_1_29' title="bbox 142 3183 1094 3249; baseline -0.003 -14"><span class='ocrx_word' id='word_1_191' title='bbox 142 3199 199 3249; x_wconf 86' lang='lat'><strong>197,</strong></span> <span class='ocrx_word' id='word_1_192' title='bbox 216 3184 328 3235; x_wconf 79' lang='lat' dir='ltr'><strong>laudum</strong></span> <span class='ocrx_word' id='word_1_193' title='bbox 343 3196 441 3236; x_wconf 82' lang='lat' dir='ltr'><strong>amore.</strong></span> <span class='ocrx_word' id='word_1_194' title='bbox 479 3184 520 3232; x_wconf 86' lang='lat' dir='ltr'><strong>Cf.</strong></span> <span class='ocrx_word' id='word_1_195' title='bbox 534 3185 565 3231; x_wconf 93' lang='lat' dir='ltr'><strong>V.</strong></span> <span class='ocrx_word' id='word_1_196' title='bbox 582 3183 642 3248; x_wconf 86' lang='lat'>138:</span> <span class='ocrx_word' id='word_1_197' title='bbox 660 3187 817 3248; x_wconf 80' lang='lat' dir='ltr'><strong>laudumque</strong></span> <span class='ocrx_word' id='word_1_198' title='bbox 833 3186 936 3235; x_wconf 83' lang='lat' dir='ltr'><strong>adrecta</strong></span> <span class='ocrx_word' id='word_1_199' title='bbox 954 3187 1051 3247; x_wconf 82' lang='lat' dir='ltr'><strong>cupido.</strong></span> <span class='ocrx_word' id='word_1_200' title='bbox 1061 3212 1094 3220; x_wconf 94' lang='lat'>—</span> 
     </span>
     <span class='ocr_line' id='line_1_30' title="bbox 96 3267 1094 3332; baseline -0.001 -16"><span class='ocrx_word' id='word_1_201' title='bbox 96 3283 154 3330; x_wconf 79' lang='lat'><strong>²09·</strong></span> <span class='ocrx_word' id='word_1_202' title='bbox 180 3267 221 3316; x_wconf 86' lang='lat' dir='ltr'><strong>Cf.</strong></span> <span class='ocrx_word' id='word_1_203' title='bbox 239 3267 284 3316; x_wconf 88' lang='lat' dir='ltr'><strong>IV.</strong></span> <span class='ocrx_word' id='word_1_204' title='bbox 299 3280 364 3332; x_wconf 88' lang='lat'>372:</span> <span class='ocrx_word' id='word_1_205' title='bbox 383 3285 427 3316; x_wconf 84' lang='lat' dir='ltr'><strong>nec</strong></span> <span class='ocrx_word' id='word_1_206' title='bbox 439 3269 582 3316; x_wconf 78' lang='lat' dir='ltr'><strong>Saturnius</strong></span> <span class='ocrx_word' id='word_1_207' title='bbox 593 3270 653 3317; x_wconf 77' lang='lat' dir='ltr'><strong>hoec</strong></span> <span class='ocrx_word' id='word_1_208' title='bbox 664 3271 743 3316; x_wconf 83' lang='lat' dir='ltr'><strong>oculis</strong></span> <span class='ocrx_word' id='word_1_209' title='bbox 755 3275 833 3331; x_wconf 83' lang='lat' dir='ltr'><strong>pater</strong></span> <span class='ocrx_word' id='word_1_210' title='bbox 848 3271 939 3331; x_wconf 82' lang='lat' dir='ltr'><strong>aspicit</strong></span> <span class='ocrx_word' id='word_1_211' title='bbox 955 3269 1049 3331; x_wconf 83' lang='lat' dir='ltr'><strong>aequis.</strong></span> <span class='ocrx_word' id='word_1_212' title='bbox 1062 3297 1094 3304; x_wconf 94' lang='lat'><em>-</em></span> 
     </span>
     <span class='ocr_line' id='line_1_31' title="bbox 96 3351 1026 3416; baseline -0.002 -16"><span class='ocrx_word' id='word_1_213' title='bbox 96 3366 155 3402; x_wconf 78' lang='lat' dir='ltr'><strong>aro.</strong></span> <span class='ocrx_word' id='word_1_214' title='bbox 181 3351 223 3400; x_wconf 86' lang='lat' dir='ltr'><strong>Cf.</strong></span> <span class='ocrx_word' id='word_1_215' title='bbox 236 3351 300 3399; x_wconf 91' lang='lat' dir='ltr'><strong>VII.</strong></span> <span class='ocrx_word' id='word_1_216' title='bbox 315 3364 376 3399; x_wconf 84' lang='lat' dir='ltr'><strong>zoo:</strong></span> <span class='ocrx_word' id='word_1_217' title='bbox 397 3353 485 3416; x_wconf 83' lang='lat' dir='ltr'><strong>qualia</strong></span> <span class='ocrx_word' id='word_1_218' title='bbox 497 3353 580 3403; x_wconf 80' lang='lat' dir='ltr'><strong>multa</strong></span> <span class='ocrx_word' id='word_1_219' title='bbox 593 3353 664 3403; x_wconf 76' lang='lat' dir='ltr'><strong>mari</strong></span> <span class='ocrx_word' id='word_1_220' title='bbox 674 3359 768 3404; x_wconf 81' lang='lat' dir='ltr'><strong>nautac</strong></span> <span class='ocrx_word' id='word_1_221' title='bbox 773 3353 918 3414; x_wconf 80' lang='lat' dir='ltr'><strong>patiuntur</strong></span> <span class='ocrx_word' id='word_1_222' title='bbox 927 3354 956 3400; x_wconf 88' lang='lat' dir='ltr'><strong>in</strong></span> <span class='ocrx_word' id='word_1_223' title='bbox 968 3352 1026 3399; x_wconf 83' lang='lat' dir='ltr'><strong>olto.</strong></span> 
     </span>
    </p>
   </div>
   <div class='ocr_carea' id='block_1_4' title="bbox 0 0 1218 3694">
    <p class='ocr_par' dir='ltr' id='par_1_10' title="bbox 0 0 1218 3694">
     <span class='ocr_line' id='line_1_32' title="bbox 0 0 1218 3694; baseline 0 0"><span class='ocrx_word' id='word_1_224' title='bbox 0 0 1218 3694; x_wconf 95' lang='lat' dir='ltr'><strong> </strong></span> 
     </span>
    </p>
   </div>
  </div>
 </body>
</html>
