2414 3694
413 268 587 312 AENEIDOS
612 268 676 312 LIB.
705 269 749 313 IX.

82 440 244 498 Pandarus
260 449 293 499 ut
308 441 377 498 tuso
392 459 571 516 germanum
587 459 713 517 corpore
729 441 826 500 cernit

80 550 111 598 et
127 559 188 616 quo
205 539 245 598 sit
258 541 382 599 fortuna
398 540 475 613 loco,
493 540 545 616 qui
560 559 651 599 casus
666 550 737 618 agat
752 560 809 614 res,

80 649 200 715 portam
216 639 245 697 vi
262 659 373 717 magna
388 657 536 699 converso
552 641 677 699 cardine
692 651 823 717 torquet,

79 739 214 798 obnixus
230 740 300 798 latis
316 739 438 811 umeris,
455 740 629 816 multosque
645 760 769 799 suorum

79 839 243 898 moenibus
259 839 400 898 exclusos
416 840 492 898 duro
508 841 539 898 in
555 841 722 900 certamine
738 841 864 917 linquit;

79 950 128 998 ast
143 939 221 998 alios
238 956 341 998 secum
356 939 486 999 includit
500 940 669 1017 recipitque
685 941 809 1014 ruentis,

79 1040 216 1111 demens,
234 1039 286 1116 qui
303 1039 451 1098 Rutulum
466 1040 498 1098 in
514 1040 616 1100 medio
632 1060 694 1100 non
710 1041 831 1118 agmine
846 1061 948 1119 regem

78 1139 191 1197 viderit
207 1139 431 1216 inrumpentem
447 1139 589 1216 ultroque
604 1140 763 1200 incluserit
778 1141 853 1214 urbi,

79 1239 244 1297 immanem
262 1239 356 1298 veluti
371 1259 483 1316 pecora
498 1239 577 1299 inter
592 1240 700 1300 inertia
715 1241 825 1318 tigrim.

79 1339 238 1398 Continuo
254 1358 335 1399 nova
350 1341 401 1399 lux
415 1338 514 1399 oculis
529 1340 652 1413 effulsit,
669 1350 700 1400 et
715 1360 799 1399 arma

78 1439 267 1498 horrendum
282 1459 429 1512 sonuere;
452 1449 588 1500 tremunt
602 1441 634 1499 in
649 1441 762 1501 vertice
778 1441 888 1501 cristae

78 1539 278 1616 sanguineae,
296 1540 457 1616 clipeoque
473 1540 619 1598 micantia
634 1541 763 1599 fulmina
778 1541 887 1601 mittit:

77 1649 253 1715 agnoscunt
267 1640 377 1698 faciem
393 1639 523 1698 invisam
538 1650 632 1717 atque
647 1640 793 1700 immania
807 1643 944 1701 membra

77 1739 195 1798 turbati
211 1739 313 1799 subito
328 1740 518 1799 Aeneadae·
548 1742 629 1799 Tum
646 1742 805 1800 Pandarus
820 1742 929 1820 ingens

77 1838 200 1911 emicat,
217 1848 249 1897 et
263 1839 370 1898 mortis
384 1840 538 1900 fraternae
553 1840 690 1900 fervidus
706 1840 750 1899 ira

77 1940 205 1998 effatur:
232 1943 320 2000 ‘Non
336 1942 413 2000 haec
428 1941 540 2000 dotalis
555 1942 641 2019 regia
655 1944 793 2014 Amatae,

78 2059 137 2098 nec
153 2039 248 2098 muris
262 2040 386 2100 cohibet
400 2041 507 2117 patriis
523 2042 625 2101 media
639 2043 744 2102 Ardea
758 2044 906 2102 Turnum.

79 2142 192 2200 Castra
206 2139 331 2199 inimica
345 2141 451 2214 vides;
475 2141 558 2200 nulla
574 2142 646 2200 hinc
661 2142 743 2201 exire
759 2145 916 2219 potestas!
991 2191 994 2197 .

78 2239 142 2299 Olli
157 2239 320 2299 subridens
336 2241 444 2300 sedato
459 2250 583 2318 pectore
599 2243 740 2301 Turnus:

80 2339 215 2416 ‘Incipe
234 2341 260 2398 si
275 2359 334 2417 qua
351 2340 453 2401 animo
467 2341 572 2414 virtus
590 2351 620 2400 et
636 2361 763 2402 consere
779 2343 934 2402 dextram:

77 2439 129 2498 hic
145 2439 237 2499 etiam
253 2441 409 2499 inventum
427 2441 547 2501 Priamo
563 2442 702 2501 narrabis
718 2442 889 2502 Achillem'

79 2540 218 2600 Dixerat.
265 2541 320 2599 llle
336 2542 442 2600 rudem
458 2542 548 2600 nodis
564 2552 594 2601 et
609 2541 721 2602 cortice
737 2543 833 2602 crudo

78 2639 236 2717 intorquet
252 2641 377 2700 summis
394 2641 524 2701 adnixus
538 2642 654 2701 viribus
669 2642 808 2701 hastam:

77 2759 228 2816 excepere
245 2759 352 2813 aurae;
376 2741 485 2801 volnus
504 2742 645 2801 Saturnia
661 2745 741 2802 Iuno

78 2839 208 2900 detorsit
222 2840 358 2913 veniens
375 2851 543 2918 portaeque
559 2842 694 2919 infigitur
708 2843 806 2903 hasta

79 2942 141 2998 ‘At
155 2959 219 2998 non
234 2940 293 2999 hoc
307 2941 402 2999 telum
417 2960 486 3000 mea
501 2943 585 3018 quod
599 2942 629 3001 vi
645 2942 771 3002 dextera
786 2953 888 3002 versat

78 3039 224 3116 effugies3
248 3059 347 3115 neque
363 3041 445 3099 enim
460 3041 487 3100 is
502 3041 555 3100 teli
571 3061 628 3101 nec
643 3042 776 3101 volneris
793 3045 918 3102 auctor.'

123 3221 182 3269 742.
202 3205 243 3254 Cf.
255 3206 291 3253 11.
303 3218 362 3270 547:
381 3208 483 3270 Referes
495 3224 552 3271 ergo
563 3210 623 3257 haec
634 3215 658 3258 et
669 3211 777 3257 nuntius
788 3210 835 3257 ibis
844 3210 947 3258 Pelidae
955 3211 1072 3270 genitori.

78 3290 127 3338 Illi
137 3306 192 3339 mea
206 3290 292 3338 tristia
303 3291 377 3353 facta
395 3293 587 3354 degeneremque
595 3294 785 3354 Neoptolemum
805 3309 917 3342 narrare
934 3299 1056 3340 memento
1066 3308 1073 3346 ,·

80 3373 125 3420 Vl.
134 3373 182 3437 89:
197 3375 268 3422 alius
279 3373 354 3422 Latio
369 3375 420 3422 iam
433 3381 530 3437 partus
542 3376 662 3424 Achilles.
