2414 3694
109 195 152 240 20
437 193 611 237 AENEIDOS
635 193 701 237 LIB.
729 192 773 237 IX.

106 367 291 441 alitibusque
307 365 398 438 iaces,
415 375 527 438 necte,
545 377 598 424 tua
612 366 721 425 funera
736 373 833 425 mater

105 465 235 542 produxi
250 465 388 542 pressive
404 465 510 524 oculos
526 475 579 523 aut
594 465 720 524 volnera
735 464 803 536 lavi,

105 576 191 624 veste
207 575 315 642 tegens
332 565 387 624 tibi
404 584 496 641 quam
511 574 619 624 noctes
634 563 892 642 festina'diesque

106 665 261 742 urgebam,
278 674 310 724 et
323 664 385 724 tela
400 683 490 723 curas
508 665 632 723 solabar
647 663 745 722 anilis.

107 766 177 839 Quo
193 783 312 841 sequar,
330 773 383 824 aut
399 784 477 840 quae
492 783 575 823 nunc
590 773 673 823 artus
689 765 856 841 avolsaque
872 764 1009 823 membra
1059 779 1114 829 490

106 874 137 924 et
150 865 244 923 funus
260 865 393 924 lacerum
408 865 499 925 tellus
515 864 629 924 habet?
676 865 747 922 Hoc
763 864 837 923 mihi
853 863 892 923 de
907 876 946 936 te,

107 973 187 1038 nate,
205 966 321 1025 refers?
368 967 440 1024 Hoc
456 984 523 1024 sum
539 974 681 1041 terraque
697 965 835 1040 marique
851 968 979 1024 secuta?

108 1064 205 1142 Figite
221 1084 278 1138 me,
296 1065 321 1124 si
337 1084 398 1141 qua
413 1074 461 1124 est
476 1065 584 1141 pietas,
602 1065 632 1123 in
649 1083 697 1123 me
713 1062 816 1122 omnia
831 1064 893 1123 tela

107 1164 247 1237 conicite,
264 1184 282 1223 o
300 1165 415 1237 Rutuli,
433 1184 481 1224 me
496 1165 626 1241 primam
642 1164 792 1223 absumite
806 1164 906 1222 ferro:

108 1274 160 1324 aut
174 1273 216 1337 tu,
234 1283 344 1342 magne
359 1275 446 1342 pater
462 1265 575 1336 divum,
592 1265 735 1323 miserere
751 1274 867 1341 tuoque
1058 1278 1110 1331 495

107 1364 238 1423 invisum
255 1365 314 1424 hoc
329 1365 458 1424 detrude
474 1375 567 1441 caput
583 1363 639 1422 sub
656 1365 786 1422 Tartara
801 1359 870 1436 telo,

108 1465 233 1540 quando
248 1465 336 1523 aliter
351 1483 472 1541 nequeo
487 1463 643 1523 crudelem
660 1464 840 1540 abrumpere
855 1463 969 1524 vitam.¹

109 1566 181 1624 Hoc
195 1565 270 1624 fletu
285 1565 428 1624 concussi
445 1564 546 1637 animi,
563 1573 760 1640 maestusque
775 1583 831 1640 per
845 1564 946 1624 omnis

108 1667 131 1724 it
145 1665 291 1742 gemitus:
316 1673 439 1741 torpent
454 1664 603 1723 infractae
619 1665 659 1723 ad
674 1664 791 1741 proelia
805 1663 894 1723 vires.

108 1765 197 1823 Illam
213 1765 429 1824 incendentem
445 1763 545 1824 luctus
563 1763 675 1824 Idaeus
691 1775 721 1824 et
736 1767 832 1824 Actor

109 1864 219 1923 Ilionei
235 1864 353 1924 monitu
369 1875 400 1924 et
415 1864 542 1923 multum
558 1863 746 1923 lacrimantis
763 1863 821 1922 Iuli

108 1965 284 2042 corripiunt,
302 1965 442 2041 interque
458 1983 567 2024 manus
583 1966 641 2024 sub
656 1974 738 2024 tecta
753 1975 914 2041 reponunt.

150 2068 191 2124 At
207 2065 283 2124 tuba
297 2065 462 2124 terribilem
478 2064 611 2124 sonitum
627 2064 732 2141 procul
748 2083 817 2124 aere
833 2083 947 2124 canoro

108 2165 276 2242 increpuit;
301 2165 439 2242 sequitur
454 2165 569 2224 clamor
583 2164 763 2240 caelumque
778 2165 917 2241 remugit.

109 2266 293 2325 Accelerant
308 2276 377 2324 acta
392 2264 505 2341 pariter
523 2264 677 2323 testudine
693 2263 809 2336 Volsci,

109 2376 140 2425 et
153 2366 255 2424 fossas
270 2365 396 2442 implere
411 2375 521 2441 parant
537 2383 573 2423 ac
588 2364 698 2424 vellere
715 2365 835 2422 vallum.

110 2466 270 2539 Quaerunt
284 2485 355 2542 pars
371 2464 486 2524 aditum
503 2477 533 2524 et
549 2464 640 2524 scalis
657 2465 825 2524 ascendere
840 2483 944 2524 muros

110 2585 171 2642 qua
186 2585 254 2624 rara
268 2575 316 2625 est
332 2565 414 2624 acies
431 2564 654 2642 interlucetque
670 2583 786 2624 corona

110 2675 250 2724 nontam
266 2665 367 2742 spissa
382 2664 463 2724 viris,
508 2665 654 2724 Telorum
671 2665 829 2725 effundere
844 2675 952 2724 contra

110 2784 201 2824 omne
216 2785 314 2842 genus
329 2765 441 2824 Teucri
458 2784 494 2823 ac
509 2764 593 2824 duris
609 2765 771 2825 detrudere
787 2765 895 2838 contis,
1061 2777 1108 2829 51⁰

111 2865 232 2924 adsueti
247 2865 339 2942 longo
354 2883 456 2924 muros
472 2852 640 2924 defendere
655 2865 746 2924 bello.

112 2967 192 3025 Saxa
207 2984 329 3042 quoque
345 2965 458 3025 infesto
474 2965 639 3024 volvebant
653 2964 800 3041 pondere,
818 2964 843 3023 si
860 2983 921 3040 qua

153 3147 212 3194 497.
238 3131 280 3180 Cf.
300 3131 347 3180 IV.
369 3131 428 3196 631:
455 3133 566 3180 invisam
585 3146 711 3194 quaerens
727 3147 804 3194 quam
821 3132 938 3192 primum
956 3131 1106 3189 abrumpere

77 3202 86 3223 ⁶
109 3215 189 3263 lucem
199 3231 210 3271 ,·
228 3215 306 3262 VIII.
321 3227 383 3279 579:
402 3216 477 3264 liceat
486 3215 612 3264 crudelem
625 3215 776 3276 abmmpere
787 3217 875 3262 vitam.
888 3243 921 3251 —
933 3218 991 3275 498.
1016 3215 1057 3260 Cl.
1072 3215 1104 3261 ll.

111 3311 157 3360 73:
178 3314 226 3362 quo
233 3299 330 3360 gemitu
341 3300 458 3346 conversi
467 3299 559 3345 animi.

75 3466 166 3488 Α
