2414 3694
429 194 603 242 AENEIDOS
628 195 693 240 LIB.
720 195 765 240 IX.

97 369 202 428 Multa
217 368 316 427 virum
331 367 432 428 solido
448 378 575 446 argento
591 368 728 445 perlecta
744 367 920 444 relinquunt

98 488 247 545 armaque
263 479 459 545 craterasque
475 468 564 528 simul
580 468 786 546 pulchrosque
802 477 931 544 tapetas.

98 569 250 647 Euryalus
266 569 409 645 phaleras
426 568 609 628 Rhamnetis
625 578 657 627 et
672 587 765 627 aurea
779 567 870 627 bullis

98 670 232 747 cingula,
249 669 371 728 Tiburti
388 670 519 728 Remulo
535 669 706 728 ditissimus
721 668 794 728 olim

98 789 179 846 quae
195 769 289 828 mittit
303 770 385 829 dona
401 769 543 846 hospiti0‚
560 789 629 828 cum
645 770 785 846 iungeret
800 769 922 840 absenS,

99 870 274 942 Caedicus3
298 869 348 928 ille
365 888 421 928 suo
437 869 570 928 moriens
586 870 640 928 dat
655 868 770 928 habere
786 867 902 945 nepoti,

98 978 315 1046 postmortem
330 969 413 1028 bello
430 969 537 1027 Rutuli
552 988 718 1046 pugnaque
733 968 832 1045 potiti.

99 1070 190 1127 Haec
206 1067 286 1145 rapit
302 1078 395 1148 atque
411 1068 523 1127 umeris
539 1068 726 1145 nequiquam
741 1068 873 1128 fortibus
889 1076 981 1144 aptat.

98 1170 180 1226 Tum
195 1168 315 1245 galeam
333 1169 471 1246 Messapi
486 1168 621 1227 habilem
637 1167 800 1244 cristisque
815 1169 959 1226 decoram
1048 1165 1097 1231 3⁶5

98 1268 208 1328 induit
255 1269 415 1327 Excedunt
430 1267 540 1327 castris
556 1277 587 1327 et
602 1278 668 1328 tuta
683 1277 859 1344 capessunt.

142 1371 266 1427 Interea
280 1368 440 1444 praemissi
456 1368 577 1444 equites
593 1387 630 1428 ex
645 1368 720 1428 urbe
737 1367 855 1441 Latina,

97 1477 202 1527 cetera
217 1467 290 1527 dum
306 1468 385 1545 legio
401 1468 518 1545 campis
534 1468 682 1528 instructa
699 1477 841 1541 moratur,

97 1568 187 1627 ibant
202 1577 233 1626 et
248 1570 354 1627 Turno
369 1568 433 1645 regi
439 1587 597 1645 responsa
611 1568 762 1640 ferebant,

97 1677 294 1740 tercentum,
312 1668 424 1727 scutati
439 1686 555 1741 omnes,
573 1668 723 1728 Volcente
739 1669 893 1745 magistro.
1049 1681 1097 1730 37ο

101 1770 232 1844 Iamque
247 1767 499 1844 propinquabant
514 1769 624 1827 castris
639 1787 786 1844 muroque
803 1768 956 1839 subibant,

102 1887 173 1926 cum
188 1868 295 1944 procul
310 1869 368 1926 hos
383 1868 470 1927 laevo
485 1868 637 1928 flectentis
653 1868 748 1926 limite
763 1877 901 1940 cernunt,

100 1979 132 2028 et
146 1968 234 2045 galea
251 1969 414 2056 Euryalum
430 1968 576 2028 sublustri
592 1967 691 2027 noctis
707 1967 737 2025 in
754 1968 862 2026 umbra

98 2069 236 2146 prodidit
250 2067 468 2140 immemorem,
485 2067 640 2144 radiisque
656 2069 786 2127 adversa
801 2067 927 2127 refulsit.

101 2169 197 2227 Haud
205 2179 318 2228 temere
329 2168 490 2228 estvisum.
516 2168 696 2228 Conclamat
704 2168 743 2227 ab
752 2168 1028 2246 agmineVolcens:
1049 2180 1096 2232 375

101 2270 213 2342 ‘State
231 2269 304 2341 viri3
328 2287 408 2345 quae
424 2287 519 2328 causa
532 2267 622 2327 viae?
646 2268 737 2344 quive
752 2268 827 2327 estis
842 2268 873 2326 in
890 2269 981 2326 armis

100 2387 201 2444 quove
217 2367 328 2427 tenetis
344 2368 436 2428 iter?’
481 2368 566 2427 Nihil
581 2368 624 2427 illi
640 2368 767 2428 tendere
782 2378 899 2441 contra,

100 2470 156 2528 sed
172 2468 304 2528 celerare
319 2468 424 2545 fugam
440 2467 471 2526 in
488 2468 581 2527 silvas
596 2477 626 2527 et
641 2469 735 2528 fidere
750 2468 843 2528 nocti.

100 2566 250 2628 Obiciunt
263 2567 383 2644 equites
399 2587 467 2627 sese
482 2570 522 2627 ad
538 2568 668 2628 divortia
684 2577 758 2627 nota

98 2668 172 2726 hinc
188 2677 280 2744 atque
294 2669 376 2740 hinc,
390 2687 574 2744 omnemque
590 2668 706 2728 abitum
723 2669 851 2728 custode
864 2677 1020 2727 coronant.
1049 2665 1098 2731 380

100 2767 186 2828 Silva
199 2768 257 2826 fuit
273 2768 334 2827 late
351 2768 451 2827 dumis
468 2778 560 2844 atque
576 2769 645 2827 ilice
661 2769 749 2845 nigra

98 2868 232 2940 horrida,
250 2888 341 2944 quam
358 2868 446 2927 densi
463 2869 654 2945 complerant
669 2868 806 2944 undique
822 2879 939 2942 sentes;

100 2986 169 3026 rara
184 2986 238 3044 per
253 2969 391 3027 occultos
407 2968 529 3028 lucebat
544 2968 653 3028 semita
669 2969 770 3028 calles

100 3067 266 3145 Euryalum
282 3069 429 3128 tenebrae
445 3088 599 3128 ramorum
615 3088 808 3145 onerosaque
824 3071 940 3146 praeda

142 3223 202 3283 364,
217 3217 316 3268 umeris
328 3218 495 3282 nequiquam
506 3217 623 3270 fortibus
635 3220 725 3283 aptat.
750 3219 792 3268 cf.
804 3219 840 3266 ΙΙ.
853 3232 917 3285 509:
935 3217 1098 3266 trementibus

98 3319 158 3350 aevo
175 3303 318 3350 circumdat
335 3303 489 3366 nequiquam
509 3304 613 3351 umeris.
