2414 3694
131 243 171 290 10
452 246 626 291 AENEIDOS
652 247 715 291 LIB.
743 246 787 290 IX.

126 417 296 477 succedunt
310 428 495 494 servantque
510 418 611 491 vices3
635 417 769 477 statione
783 418 890 478 relicta

126 515 193 592 ipse
208 535 312 576 comes
328 517 406 578 Niso
421 517 565 594 graditur,
583 536 747 595 regemque
762 517 928 595 requirunt.

169 618 280 677 Cetera
294 636 350 694 per
364 627 461 676 terras
476 617 577 677 omnis
592 617 736 676 animalia
751 637 859 678 somno

126 715 272 776 laxabant
286 735 375 776 curas
390 727 421 776 et
436 717 531 776 corda
545 716 642 777 oblita
656 717 794 776 laborum
806 742 811 776 :

126 815 270 876 ductores
284 818 438 877 Teucrum
453 816 551 894 primi,
567 816 687 877 delecta
702 817 853 889 iuventus,

126 916 287 976 consilium
303 917 430 976 summis
445 916 532 994 regni
547 916 586 975 de
602 917 694 976 rebus
709 916 875 989 habebant,

127 1016 201 1092 quid
215 1017 361 1090 lacerent,
378 1016 485 1093 quisve
502 1019 627 1075 Aeneae
643 1016 703 1074 iam
719 1016 845 1076 nuntius
861 1027 952 1077 esset.

128 1118 218 1176 Stant
232 1117 332 1194 longis
348 1116 452 1176 adnixi
467 1117 565 1176 hastis
580 1126 612 1176 et
626 1126 715 1176 scuta
728 1126 871 1176 tenentes

126 1226 294 1276 castrorum
309 1226 341 1277 et
355 1216 456 1293 campi
471 1216 582 1276 medio.
626 1217 706 1274 Tum
722 1217 817 1276 Nisus
832 1226 863 1277 et
878 1236 939 1292 una
1075 1233 1126 1284 230

128 1316 276 1395 Euryalus
292 1316 454 1376 confestim
470 1316 586 1376 alacres
601 1315 755 1376 admittier
770 1326 876 1376 orant:

126 1435 190 1476 rem
205 1435 355 1494 magnam,
373 1415 566 1493 pretiumque
582 1435 684 1475 morae
699 1416 773 1475 iore.
820 1416 940 1476 Primus
956 1419 1043 1478 Iulus

126 1517 246 1592 accepit
260 1516 397 1593 trepidos
413 1536 450 1575 ac
465 1515 575 1576 Nisum
590 1517 692 1576 dicere
708 1516 806 1576 iussit.

126 1607 204 1674 Tum
220 1616 265 1676 sic
281 1616 485 1694 Hyrtacides:
510 1616 641 1675 ‘Audite
657 1636 676 1675 o
691 1616 846 1676 mentibus
862 1617 977 1694 aequis,

126 1716 301 1789 Aeneadae,
318 1735 394 1776 neve
409 1717 486 1776 haec
501 1715 615 1776 nostris
631 1726 809 1793 spectentur
824 1717 863 1775 ab
878 1717 968 1778 annis
1075 1733 1125 1786 235

125 1834 204 1891 quae
219 1815 353 1874 ferimus.
374 1815 505 1896 [Rutuli
521 1834 630 1875 somno
645 1815 778 1892 vinoque
794 1816 885 1876 soluti

125 1915 300 1975 conticuere
314 1938 321 1988 ;
344 1901 444 1975 loc⁷um
460 1915 580 1974 insidiis
595 1915 811 1992 conspeximus
827 1915 895 1993 ipsi,

125 2015 178 2092 qui
193 2024 279 2092 patet
294 2014 325 2073 in
341 2015 424 2074 bivio
439 2001 546 2091 portae
562 2034 641 2092 quae
656 2015 794 2092 proxima
809 2025 922 2093 pont03

125 2115 287 2192 interrupti
303 2114 398 2192 ignes,
415 2124 541 2191 aterque
556 2116 596 2174 ad
612 2115 713 2175 sidera
727 2117 829 2176 fumus

125 2215 267 2293 erigitur:
292 2215 319 2274 si
333 2215 457 2274 fortuna
472 2214 646 2291 permittitis
662 2215 714 2288 uti,

124 2315 297 2391 quaesitum
314 2318 441 2373 Aenean
458 2324 489 2374 et
504 2315 625 2374 moenia
641 2315 806 2388 Pallantea,

125 2434 195 2473 mox
210 2415 260 2473 hic
276 2433 346 2474 cum
363 2414 478 2492 spoliis,
494 2414 612 2492 ingenti
627 2415 722 2474 caede
737 2424 872 2492 peracta,

124 2515 232 2574 adfore
247 2514 390 2574 cernetis.
436 2516 502 2574 Nec
518 2533 575 2574 nos
590 2514 640 2574 via
654 2515 732 2574 fallit
748 2515 867 2575 euntis:

124 2614 256 2674 vidimus
272 2615 411 2675 obscuris
426 2614 554 2691 primam
570 2615 628 2674 sub
643 2614 775 2674 vallibus
791 2615 897 2674 urbem

123 2724 235 2774 venatu
244 2714 390 2788 adsiduo,
409 2724 439 2773 et
453 2723 551 2775 toturn
566 2714 767 2792 cognovimus
782 2716 923 2775 amnem’
1073 2731 1123 2786 245

125 2815 187 2874 Hic
203 2814 292 2874 annis
307 2814 409 2892 gravis
425 2824 516 2891 atque
532 2815 626 2873 animi
641 2824 778 2875 maturus
793 2816 918 2874 Aletes:

125 2915 184 2974 ‘Di
199 2914 299 2992 patrii,
316 2933 446 2992 quorum
461 2933 582 2991 semper
598 2914 655 2973 sub
671 2914 796 2974 numine
812 2915 906 2974 Troia
921 2926 976 2988 est,

124 3024 304 3076 nontamen
320 3014 446 3074 omnino
461 3015 599 3074 Teucros
615 3014 717 3073 delere
733 3015 856 3091 paratis,

167 3197 224 3244 224.
250 3180 426 3242 Cf.111.147:
443 3183 521 3230 terris
537 3182 665 3230 animalia
682 3197 786 3230 somnus
803 3181 1019 3247 habebat—246,
1037 3184 1122 3236 anni!

122 3265 214 3329 gravit
228 3302 234 3315 .
250 3302 256 3315 .
272 3264 394 3317 .Aletes.
428 3264 469 3312 ef.
488 3263 508 3310 I.
531 3278 587 3312 121:
608 3266 774 3327 grandaevus
792 3266 992 3328 Aletes-247.
1020 3265 1062 3315 Ci.
1084 3268 1120 3316 11.

122 3361 181 3411 702:
199 3351 228 3398 dr'
236 3351 323 3412 patrii
333 3384 339 3397 .
355 3383 361 3395 .
376 3355 524 3411 ,vestroque
535 3349 564 3396 in
577 3348 684 3396 numine
700 3347 726 3394 T
721 3349 776 3396 roia
787 3354 830 3396 est.

1188 3319 1190 3360 l

1188 3379 1190 3473 1

1188 3477 1189 3526 l
