2414 3694
119 232 143 294 6
268 283 274 302 .
450 251 624 296 Aruernos
648 253 713 298 Lm.
740 253 784 298 ut.

47 504 48 508 ἵ
122 423 268 482 continuo
283 443 405 501 puppes
421 426 607 502 abrumpunt
621 425 744 485 vincula
759 425 843 503 ripis,

121 523 362 600 delphinumque
378 526 469 584 modo
485 527 634 586 demersis
650 546 782 603 aequora
797 527 903 586 rostris

122 623 183 680 ima
195 634 311 700 petunt.
358 626 443 684 Hinc
456 626 611 703 virgineae
621 664 662 671 -
672 627 811 686 mirabile
824 636 995 687 monstrum
1004 663 1045 672 —
1074 641 1120 677 ¹20

122 733 197 800 quot
211 724 296 799 prius
312 736 433 784 aeratae
451 735 599 786 steterant
615 728 655 785 ad
670 726 760 785 litora
774 746 883 803 prorae

122 823 254 882 reddunt
271 843 303 882 se
320 825 448 884 totidem
463 827 560 884 facies
575 836 733 903 pontoque
748 827 897 887 feruntur.

164 923 351 1000 Obstipuere
370 925 479 984 animis
496 925 609 1000 Rutuli,
626 927 810 986 conterritus
825 927 891 1004 ipse

51 1008 55 1014 ’
122 1023 253 1082 turbatis
271 1025 436 1100 Messapus
453 1025 549 1101 equis
566 1037 726 1086 cunctatur
741 1037 772 1087 et
786 1027 885 1087 amnis

122 1142 214 1181 rauca
230 1142 344 1182 sonans
362 1134 547 1201 revocatque
562 1127 673 1203 pedem
689 1128 853 1188 Tiberinus
869 1129 908 1188 ab
924 1128 995 1187 atto.

123 1226 165 1282 At
180 1242 242 1281 non
259 1223 368 1283 audaci
385 1225 492 1283 Turno
508 1225 621 1285 fiducia
636 1227 743 1300 cessit3

122 1323 201 1381 ultro
218 1323 336 1382 animos
354 1324 431 1383 tollit
446 1325 537 1385 dietis
554 1336 647 1403 atque
663 1326 801 1403 increpat
817 1328 917 1387 ultro:

125 1422 293 1482 ‘Troianos
309 1424 386 1482 haec
404 1435 541 1484 monstra
557 1435 674 1502 petunt,
692 1428 739 1485 his
756 1428 895 1504 Iuppiter
910 1429 976 1504 ipse

123 1522 268 1580 auxilium
285 1523 408 1583 solitum
428 1525 547 1602 eripuit,
565 1546 627 1585 non
643 1527 703 1586 tela
717 1546 818 1603 neque
834 1528 921 1604 ignes

122 1632 304 1698 exspectant
320 1625 461 1684 Rutulos,
510 1628 590 1704 Ergo
605 1627 700 1684 maria
716 1627 799 1685 invia
814 1627 951 1699 TeucriS,

123 1743 181 1783 uec
197 1744 269 1801 spes
285 1727 347 1784 ulla
362 1727 469 1803 fugae:
495 1724 595 1784 rerum
610 1745 682 1802 pars
697 1727 792 1786 altera
807 1726 951 1802 adempta
966 1737 1021 1786 est.

123 1826 218 1886 Terra
234 1836 335 1885 autem
352 1825 383 1884 in
401 1825 514 1885 nostris
530 1826 681 1898 manibus,
697 1836 741 1884 tot
757 1826 841 1883 milia
855 1837 965 1903 gentes

122 1946 206 1984 arma
220 1927 323 1985 ferunt
339 1926 445 1985 Italae.
495 1925 547 1984 Nil
563 1944 611 1984 me
625 1925 732 1984 fatalia
747 1935 870 1998 terrent,

123 2027 148 2085 si
165 2047 225 2105 qua
242 2028 377 2105 Phryges
394 2045 467 2102 prae
483 2044 517 2084 se
533 2025 657 2098 iactant,
674 2044 822 2101 responsa
837 2026 980 2085 deorum:

123 2127 256 2187 satiatis
272 2126 448 2202 Venerique
467 2126 581 2198 datum,
599 2125 725 2202 tetigere
740 2126 823 2201 quod
839 2144 911 2185 arva

121 2226 231 2286 fertilis
246 2227 404 2286 Ausoniae
423 2228 528 2285 Troes
575 2227 652 2284 Sunt
667 2236 698 2285 et
713 2244 780 2283 mea
796 2234 903 2283 contra

122 2326 186 2384 tata
201 2326 283 2399 mihi,
299 2328 381 2386 ferro
399 2327 580 2386 sceleratam
597 2325 775 2384 exscindere
790 2334 923 2402 gentem,

122 2428 252 2504 coniuge
267 2437 449 2503 praerepta:
472 2446 530 2485 nec
547 2426 629 2485 solos
644 2425 743 2502 tangit
759 2424 884 2484 Atridas

122 2525 179 2585 iste
195 2525 290 2597 dolor,
309 2526 445 2602 solisque
461 2526 533 2584 licet
549 2543 660 2600 capere
676 2542 759 2581 arma
776 2525 926 2602 Mycenis.

42 2677 52 2692 ,
122 2627 236 2686 —Sed
250 2625 378 2702 periisse
395 2626 489 2684 semel
506 2623 581 2684 satis
598 2634 705 2683 est-
716 2626 847 2683 Peccare
862 2625 974 2684 fuisset

122 2735 192 2785 ante
208 2726 292 2799 satis,
310 2725 434 2802 penitus
450 2726 543 2785 modo
558 2744 620 2784 non
636 2743 734 2801 genus
750 2743 841 2784 omne
857 2743 985 2799 perosos

122 2825 306 2885 femineum:
331 2827 444 2901 quibus
459 2827 536 2883 haec
552 2824 644 2884 medii
661 2825 774 2883 fiducia
789 2823 861 2882 valli

121 2926 335 3002 fossarumque
351 2945 463 2997 morae,
481 2925 533 2984 leti
549 2924 725 2983 discrimina
740 2943 843 3000 parva,

122 3025 197 3084 dant
213 3025 340 3085 animos.
387 3029 427 3084 At
443 3045 505 3084 non
521 3024 663 3083 viderunt
679 3025 801 3082 moenia
816 3024 928 3083 Troiae

170 3198 226 3242 118.
246 3191 286 3240 Cf.
296 3193 343 3240 VI.
352 3206 380 3251 4:
396 3195 473 3240 litora
484 3207 577 3240 curvae
584 3197 743 3252 praetexunt
748 3198 854 3254 puppes.
863 3219 896 3225 —
907 3206 964 3241 121.
985 3193 1123 3256 Repeated

27 3312 82 3342 ,h
121 3275 146 3323 in
160 3276 192 3324 X.
208 3289 297 3338 223.—
311 3291 368 3339 143,
381 3275 431 3326 leti
442 3274 600 3326 discrimina
612 3286 706 3337 parva.
738 3274 780 3322 Cf.
795 3274 846 3321 111.
860 3273 925 3338 685:
944 3276 1012 3324 inter
1023 3284 1123 3327 utram-

131 3374 168 3405 me
185 3361 254 3406 vtum
267 3361 312 3406 leti
322 3360 469 3407 discrimine
476 3365 568 3420 parvo.
