2414 3694
423 239 596 285 Aruernos
621 241 686 284 rm.
714 241 758 285 rx.
1047 235 1089 300 27

89 413 123 470 in
139 413 221 473 vada
234 411 448 488 praecipitant,
465 431 535 470 curn
552 412 692 489 Iuppiter
706 413 848 473 horridus
864 412 975 472 austris
1041 411 1091 473 670

89 522 217 588 torquet
232 530 381 588 aquosam
396 511 537 585 hiemem,
551 522 581 572 et
596 514 683 572 caelo
699 531 775 572 cava
791 512 897 573 nubila
912 513 1033 589 rumpit.

135 612 296 672 Pandarus
312 622 342 671 et
359 612 462 684 Bitias,
482 612 577 671 Idaeo
594 613 747 672 Alcanore
763 613 847 685 creti,

92 731 171 789 quos
187 712 272 771 Iovis
288 711 393 770 eduxit
409 712 477 771 luco
494 711 642 782 silvestris
660 715 748 771 Iaera

92 812 248 872 abietibus
264 813 391 871 iuvenes
406 811 513 888 patriis
529 821 559 870 et
576 812 732 872 montibus
748 831 872 888 aequos,

91 922 213 990 portam
229 931 307 988 quae
324 911 411 971 ducis
428 911 555 988 imperio
573 912 739 971 commissa
754 912 924 985 recludunt,
1042 911 1092 976 675

90 1011 163 1071 freti
179 1011 279 1084 armis,
297 1011 438 1088 ultroque
455 1012 586 1072 invitant
601 1013 763 1072 moenibus
778 1013 907 1072 hostem.

94 1111 160 1188 Ipsi
175 1111 259 1170 intus
274 1112 382 1171 dextra
397 1111 433 1171 ac
450 1112 537 1170 laeva
551 1131 607 1189 pro
623 1113 757 1172 turribus
772 1122 883 1185 astant,

93 1211 204 1269 armati
218 1210 299 1270 ferro
316 1220 346 1271 et
363 1211 463 1271 cristis
478 1213 580 1289 capita
594 1213 656 1271 alta
671 1211 808 1271 corusci:

61 1391 64 1396 Δ
94 1311 204 1387 quales
219 1310 320 1371 a'e'riae
336 1311 486 1388 liquentia
500 1295 627 1371 flumina
643 1313 766 1385 circum,

93 1410 164 1470 sive.
176 1411 254 1469 Padi
269 1410 345 1487 ripis
359 1411 501 1470 Athesim
517 1431 572 1472 seu
587 1423 711 1489 propter
726 1431 898 1485 amoenum,
1044 1410 1094 1460 680

95 1519 287 1588 consurgunt
302 1510 442 1588 geminae
458 1531 590 1588 quercus
607 1512 791 1588 intonsaque
807 1512 892 1571 caelo

94 1610 240 1669 attollunt
256 1611 357 1688 capita
372 1621 404 1671 et
419 1611 541 1671 sublimi
556 1612 670 1671 vertice
686 1622 804 1671 nutant.

96 1717 291 1790 Inrumpunt,
309 1712 410 1772 aditus
428 1711 534 1771 Rutuli
549 1721 583 1770 ut
597 1711 701 1771 videre
717 1712 860 1788 patentis,

95 1814 244 1874 continuo
260 1814 420 1887 Quercens
437 1821 468 1871 et
483 1811 610 1888 pulcher
625 1811 797 1888 Aquiculus
813 1811 905 1870 annis

94 1925 127 1974 et
140 1933 290 1992 praeceps
305 1912 399 1971 animi
416 1914 523 1971 Marus
538 1921 569 1970 et
585 1911 756 1970 Mavortius
773 1913 916 1970 Haemon
1044 1909 1093 1975 685

96 2014 272 2092 agminibus
287 2012 376 2073 totis:
402 2022 454 2072 aut
468 2011 549 2071 versi
565 2020 650 2088 terga
666 2011 778 2071 dedere

97 2124 151 2173 aut
166 2113 236 2191 ipso
250 2123 357 2190 portae
372 2101 502 2189 posuere
518 2111 550 2168 in
567 2109 670 2169 limine
685 2109 787 2168 vitam.

95 2218 176 2276 Tum
191 2216 289 2294 magis
303 2216 480 2275 increscunt
500 2211 610 2271 animis
626 2208 820 2269 discordibus
836 2208 915 2280 irae3

96 2328 128 2378 et
143 2315 350 2396 iamconlecti
366 2317 464 2374 Troes
479 2313 688 2390 glomerantur
702 2309 820 2380 eodem,

95 2427 127 2477 et
142 2417 282 2477 conferre
298 2433 423 2475 manum
438 2423 469 2474 et
486 2429 664 2489 procurrere
680 2409 800 2485 longius
816 2408 938 2467 audent.
1045 2408 1094 2469 690

139 2516 268 2577 Ductori
284 2518 389 2575 Turno
405 2513 527 2574 diversa
542 2511 574 2569 in
590 2519 677 2586 parte
692 2508 805 2566 furenti

64 2656 70 2665 -
95 2615 294 2693 turbantique
309 2615 391 2676 viros
406 2614 557 2691 perfertur
572 2609 698 2669 nuntius
714 2608 833 2667 hostem

94 2719 214 2778 fervere
230 2717 326 2776 caede
341 2734 422 2774 nova
437 2723 468 2773 et
483 2721 588 2790 portas
603 2710 750 2786 praebere
766 2706 909 2784 patentis.

97 2817 221 2878 Deserit
237 2816 393 2892 inceptum
409 2824 501 2890 atque
517 2809 642 2870 immani
659 2808 799 2879 concitus
815 2808 860 2865 ira

97 2916 287 2978 Dardaniam
303 2915 362 2974 ruit
379 2914 418 2973 ad
433 2921 552 2990 portam
568 2911 740 2985 fratresque
757 2906 916 2983 superbos
1046 2905 1094 2971 695

97 3021 137 3078 Et
150 3017 283 3096 primum
299 3014 500 3091 Antiphaten,
518 3012 544 3070 is
559 3010 641 3069 enim
657 3007 822 3084 septimus
838 3006 958 3083 agebat,

140 3240 200 3301 676,
213 3233 336 3285 invitant
347 3229 496 3282 moenibus.
533 3226 574 3275 Cf.
588 3225 667 3273 VIII.
683 3223 745 3284 178:
763 3224 872 3285 solioque
885 3223 982 3271 invitat
996 3239 1093 3273 acerno.

96 3323 195 3384 -687,
214 3329 327 3383 posuero
339 3314 441 3365 vitam.
477 3309 518 3359 Cf.
538 3310 605 3372 Nep.
624 3309 702 3356 Faus.
718 3319 746 3371 5:
767 3307 845 3353 uitam
858 3312 985 3367 pomerat.
