2414 3694
107 206 129 266 4
438 205 613 251 AENEIDOS
637 207 702 252 LIB.
729 206 773 251 IX.

109 395 170 454 qua
185 385 316 454 temptet
330 378 448 438 ratione
464 378 575 452 aditus,
592 389 622 438 et
638 397 699 455 qua
713 378 763 438 via
778 377 900 438 clausos

108 477 242 536 excutiat
257 478 395 538 Teucros
410 479 491 537 vallo
507 489 599 554 atque
615 478 754 537 effundat
769 477 802 536 in
817 496 961 555 aequum.

108 577 258 650 Classem,
275 596 355 653 quae
370 578 458 637 lateri
474 588 643 638 castrorum
659 577 805 637 adiuncta
820 578 945 650 latebat,

108 677 271 755 aggeribus
286 688 424 755 saeptam
440 677 554 737 circum
570 687 600 736 et
616 678 790 738 fluvialibus
806 677 907 750 undis,

107 776 234 850 invadit,
252 777 414 854 sociosque
430 777 575 836 incendia
590 777 691 854 poscit
706 777 836 851 ovantis

108 886 200 953 atque
215 895 340 935 manum
355 876 430 954 pinu
446 877 587 954 flagranti
602 877 739 935 fervidus
755 877 870 953 implet.

110 977 190 1034 Tum
205 995 277 1037 vero
293 977 484 1050 incumbunt,
502 987 589 1054 urget
603 976 778 1053 praesentia
793 975 898 1050 Turni,

107 1086 199 1152 atque
214 1076 314 1135 omnis
328 1077 450 1135 facibus
465 1077 565 1153 pubes
581 1075 752 1154 accingitur
767 1076 849 1135 atris.

110 1176 270 1253 Diripuere
284 1177 372 1236 focos
386 1200 392 1248 3
416 1175 538 1252 piceum
553 1177 613 1235 fert
627 1175 746 1235 fumida
762 1177 864 1234 lumen

108 1276 200 1334 taeda
214 1285 244 1335 et
260 1277 455 1335 commixtam
471 1276 628 1335 Volcanus
644 1276 683 1333 ad
693 1284 782 1334 astra
796 1275 943 1335 favillam.

150 1375 228 1450 Quis
244 1377 329 1449 deus
346 1395 365 1434 o
381 1377 500 1448 Musae,
517 1385 579 1435 tarn
596 1394 687 1434 saeva
703 1375 846 1434 incendia
862 1375 991 1434 Teucris

108 1475 237 1534 avertit?
282 1476 400 1534 Tantos
416 1475 534 1534 ratibus
550 1475 619 1551 quis
635 1475 754 1551 depulit
768 1475 877 1553 ignes?

109 1575 219 1635 Dicite.
267 1576 371 1634 Prisca
385 1576 463 1634 fides
477 1576 570 1647 factu,
588 1576 644 1635 sed
658 1576 742 1633 fama
756 1576 910 1651 perennis.

108 1677 261 1752 Tempore
278 1695 339 1751 quo
354 1675 486 1751 primum
502 1675 635 1753 Phrygia
648 1676 802 1735 formabat
817 1675 848 1732 in
865 1676 922 1734 lda

109 1779 232 1835 Aeneas
247 1777 386 1847 classem,
403 1786 434 1834 et
449 1775 551 1853 pelagi
567 1785 671 1853 petere
687 1775 749 1834 alta
764 1775 901 1852 parabat,

107 1875 175 1951 ipsa
190 1876 282 1934 deum
297 1876 393 1935 fertur
406 1875 545 1953 genetrix
561 1874 742 1953 Berecyntia
757 1894 902 1952 magnum

108 1977 235 2034 vocibus
250 1975 298 2034 his
314 1976 419 2035 adfata
435 1978 559 2034 Iovem:
585 1976 661 2047 ‘Da‚
678 1985 758 2048 nate,
772 1975 900 2050 petenti,

110 2076 193 2151 quod
208 2085 261 2134 tua
276 2094 348 2133 cara
362 2093 475 2152 parens
490 2073 608 2133 domito
623 2084 654 2133 te
669 2074 770 2150 poscit
786 2074 928 2151 Olympo.

110 2174 205 2234 Pinea
220 2173 296 2234 silva
312 2175 394 2247 mihi,
412 2175 523 2233 multos
539 2174 653 2233 dilecta
667 2192 722 2250 per
737 2192 853 2246 annos;

108 2276 195 2335 lucus
211 2275 242 2333 in
259 2293 328 2334 arce
343 2275 401 2334 iuit
416 2293 544 2346 summa,
561 2293 623 2350 quo
639 2293 726 2332 sacra
740 2274 890 2346 ferebant,

109 2374 241 2452 nigranti
256 2373 346 2451 picea
361 2373 561 2450 trabibusque
577 2374 727 2433 obscurus
743 2372 881 2436 acernis:

108 2476 165 2533 has
180 2494 237 2551 ego
254 2473 413 2534 Dardanio
428 2474 540 2546 iuveni,
557 2493 626 2531 curn
642 2472 750 2532 classis
765 2482 876 2551 egeret,

108 2576 190 2634 laeta
205 2575 291 2646 dedi;
315 2592 402 2633 nunc.
413 2573 576 2633 sollicitam
591 2573 681 2632 timor
697 2571 806 2630 anxius
822 2571 915 2649 angit.

110 2675 200 2734 Solve
216 2684 315 2734 metus
329 2685 421 2751 atque
437 2674 496 2733 hoc
507 2673 651 2750 precibus
663 2672 730 2732 sine
741 2691 834 2749 posse
845 2681 1005 2749 parentem
1020 2696 1026 2732 :
1074 2687 1110 2738 90

108 2794 169 2834 neu
185 2795 275 2834 cursu
292 2783 456 2850 quassatae
471 2775 534 2834 ullo
550 2792 611 2832 neu
626 2772 747 2831 turbine
763 2771 847 2831 venti

108 2874 283 2946 vincentum
306 2875 403 2950 prosit
418 2873 532 2932 nostris
548 2873 578 2931 in
594 2871 752 2931 montibus
767 2872 871 2931 ortas!

155 3056 197 3104 72.
222 3040 264 3089 Cf.
281 3041 344 3088 VIl.
362 3053 421 3104 397:
442 3041 503 3102 Ipsa
522 3042 591 3088 inter
607 3039 703 3087 medias
715 3039 872 3102 flagrantem
886 3039 994 3102 servr'da
1009 3041 1108 3100 pinum

108 3127 220 3174 sustinet.
231 3153 265 3160 -
273 3129 315 3188 80,
326 3129 367 3174 81.
391 3123 432 3171 Cf.
444 3122 496 3170 111.
509 3135 521 3185 5
533 3138 538 3168 :
556 3122 708 3183 classemque
720 3121 765 3168 sub
776 3123 831 3182 ipsa
841 3122 980 3169 Antandro
991 3129 1016 3169 et
1024 3123 1110 3186 Phry-

105 3211 163 3271 giae
180 3209 305 3256 molimur
321 3207 446 3255 montibus
462 3206 530 3253 Idae.
543 3232 577 3239 —
589 3209 630 3266 82,
650 3204 773 3266 genetrix
791 3203 961 3266 Berecyntia.
998 3204 1040 3252 Cf.
1059 3206 1109 3253 VI.

109 3290 173 3351 784:
191 3291 342 3351 Berecyntia
358 3294 441 3336 mater
458 3287 590 3335 r'nvehitur
606 3301 686 3333 curru
704 3286 832 3348 Phrygias
849 3289 946 3334 turrita
957 3293 1007 3348 per
1024 3289 1108 3336 urbes.
