2414 3694
426 242 601 288 AENEIDOS
626 243 691 288 LlB.
719 243 763 287 1x.
806 245 810 255 '

94 415 238 492 Neptuni
252 415 403 474 fabricata
418 434 512 474 manu
527 415 689 475 considere
705 415 736 472 in
752 415 851 494 ignis?

96 517 161 576 Sed
176 534 240 587 vos,
257 535 276 575 o
292 515 372 587 lecti,
389 515 471 575 ferro
487 514 557 592 quis
572 514 714 575 scindere
730 515 841 574 vallum

95 625 236 692 apparat,
254 625 285 675 et
299 634 419 675 mecum
436 615 555 674 invadit
570 615 756 692 trepidantia
772 617 892 674 castra?

98 719 170 775 Non
187 716 278 797 armis
294 715 369 773 mihi
384 715 524 788 Volcani,
541 734 603 774 non
619 714 702 774 mille
718 715 830 774 carinis

96 826 146 876 est
161 835 238 892 opus
254 815 286 874 in
302 817 457 888 Teucros3
481 815 599 875 addant
614 834 648 874 se
664 816 804 892 protinus
819 833 927 875 omnes

99 916 220 975 Etrusci
236 915 338 976 socios
351 939 358 988 ;
381 915 526 975 tenebras
542 925 573 974 et
588 915 698 974 inertia
713 916 794 975 furta

99 1015 238 1089 Palladii,
255 1016 355 1075 caesis
371 1033 508 1074 summae
524 1015 705 1074 custodibus
722 993 809 1087 arcis,

98 1136 138 1176 ne
154 1115 292 1188 timeant,
309 1134 367 1174 nec
382 1114 454 1192 equi
469 1133 563 1175 caeca
578 1116 747 1175 condemur
762 1114 793 1173 in
809 1114 896 1174 alvo:

98 1217 167 1276 luce
182 1215 285 1292 palam
301 1224 418 1274 certum
434 1224 482 1274 est
497 1214 561 1292 igni
576 1214 767 1273 circumdare
782 1233 894 1273 muros,

100 1316 197 1374 Haud
213 1314 272 1374 sibi
287 1333 355 1374 cum
374 1313 492 1374 Danais
507 1333 571 1374 rem
585 1314 658 1374 faxo
673 1323 704 1374 et
719 1313 801 1391 pube
817 1314 947 1391 Pelasga

98 1435 168 1475 esse
181 1424 299 1492 putent,
313 1414 467 1473 decimum
480 1433 559 1490 quos
574 1413 694 1474 distulit
709 1415 829 1473 Hector
844 1413 875 1472 in
891 1432 1014 1472 annum.

99 1519 129 1575 N
132 1534 193 1574 unc
208 1515 296 1587 adeo,
313 1514 420 1574 melior
435 1514 580 1590 quoniam
596 1531 668 1590 pars
684 1523 753 1599 acta
767 1513 837 1585 diei,

99 1617 184 1692 quod
199 1623 347 1691 superest,
365 1613 439 1673 laeti
454 1614 534 1673 bene
549 1613 645 1691 gestis
661 1632 789 1690 corpora
803 1613 896 1673 rebus

98 1725 272 1792 procurate,
289 1714 354 1787 viri,
370 1723 401 1773 et
416 1732 550 1791 pugnam
567 1723 688 1789 sperate
703 1713 824 1789 parari!

100 1818 224 1875 Interea
238 1814 365 1892 vigilum
380 1813 519 1873 excubiis
534 1813 676 1873 obsidere
692 1823 798 1890 portas

98 1934 173 1974 cura
188 1915 278 1974 datur
294 1911 442 1990 Messapo
458 1923 489 1972 et
504 1913 627 1973 moenia
641 1913 765 1990 cingere
780 1913 920 1973 flammis.

100 2015 152 2074 Bis
167 2023 286 2090 septem
302 2013 419 2086 Rutuli,
436 2032 539 2073 muros
555 2014 609 2088 qui
624 2012 720 2073 milite
736 2023 866 2085 servent,

99 2114 210 2174 delecti
223 2137 230 2186 3
254 2123 303 2173 ast
318 2113 387 2172 illos
403 2112 526 2173 centeni
542 2131 695 2189 quemque
711 2123 881 2190 sequuntur

98 2213 245 2291 purpurei
261 2212 361 2272 cristis
377 2212 505 2272 iuvenes
521 2230 657 2288 auroque
673 2212 801 2272 corusci.

100 2314 286 2373 Discurrunt
301 2312 482 2389 variantque
497 2313 590 2384 vices
606 2311 729 2389 fusique
745 2331 800 2388 per
814 2313 941 2372 herbam
1009 2353 1012 2366 .

99 2413 261 2490 indulgent
276 2412 349 2471 vino
364 2422 395 2471 et
410 2421 533 2471 vertunt
548 2422 684 2472 crateras
699 2417 803 2472 aenos.

99 2513 275 2573 Conlucent
289 2511 385 2589 ignes
402 2521 524 2572 noctem
540 2511 682 2571 custodia
696 2512 781 2572 ducit

99 2613 271 2672 insomnem
286 2611 368 2671 lud0.

145 2775 203 2826 145,
223 2761 359 2813 considere
377 2760 407 2811 in
423 2761 505 2825 ignis.
541 2759 583 2809 cf.
603 2761 639 2809 11.
653 2761 717 2822 624:
741 2764 807 2811 mihi
822 2765 905 2811 uisum
924 2765 1051 2812 considere
1068 2765 1096 2811 in

98 2848 166 2910 aguis
185 2846 275 2893 Ilium.
288 2873 321 2881 -
332 2858 389 2906 151.
415 2843 456 2892 Cr.
479 2844 515 2891 II.
538 2843 602 2909 165:
619 2846 728 2894 avellere
745 2847 836 2906 templo
849 2847 1008 2903 Palladium,
1020 2848 1097 2895 caesis

96 2945 212 2978 summae
224 2929 365 2976 custodibus
375 2930 449 2977 arcis.
458 2956 491 2964 -
502 2941 559 2992 152,
577 2928 640 2992 equi
651 2940 729 2978 caeca
742 2928 884 2979 condemur
900 2929 930 2978 in
947 2929 1018 2980 alvo.
1055 2927 1096 2977 cf.

99 3012 135 3060 11.
157 3011 202 3060 18:
220 3012 312 3060 delecta
330 3013 417 3059 virum
436 3013 521 3060 sortiti
537 3019 642 3075 corpora
653 3013 753 3076 furtim
772 3013 912 3060 includunt
927 3029 996 3061 caeco
1012 3014 1096 3069 lateri,

100 3097 256 3159 penitusque
272 3110 396 3142 cavernas
412 3097 522 3158 ingentis
539 3102 691 3158 uterumque
708 3102 809 3143 armato
826 3097 907 3143 milite
924 3097 1053 3158 complent.
1064 3123 1097 3131 —

99 3191 156 3240 155.
182 3177 224 3226 Cf.
244 3178 292 3225 XI.
312 3175 375 3240 289:
396 3177 530 3225 Hectom's.
546 3194 663 3226 ..manu
682 3179 787 3225 uictoria
808 3178 918 3226 Graium
932 3213 937 3224 .
951 3214 957 3224 .
971 3214 976 3224 .
989 3180 1018 3225 in
1036 3179 1097 3227 deci-

97 3277 167 3308 mum
181 3261 286 3324 uestigia
298 3261 398 3308 rettulit
408 3275 515 3308 annum.
525 3288 558 3295 -
570 3265 626 3325 164,
640 3265 696 3324 165,
708 3259 816 3324 fusique
828 3273 875 3324 per
887 3262 998 3311 herbam
1010 3261 1097 3312 indul-

97 3346 162 3408 gent
174 3343 247 3395 vino.
281 3343 323 3392 Cf.
337 3342 357 3389 Ι.
372 3356 434 3402 214:
445 3345 555 3408 fusique
562 3350 612 3405 per
623 3343 725 3393 herbam
738 3344 881 3405 implentur
891 3347 981 3394 veteris
993 3345 1095 3396 Bacchi.
