2414 3694
76 151 87 174 ·
125 202 165 264 32
450 203 624 248 AENEIDOS
648 205 714 250 LIB.
741 205 785 250 lx.

123 394 181 434 nec
196 384 303 434 contra
317 375 397 434 vires
412 375 505 435 audet
522 376 665 435 Saturnia
681 379 760 436 Iuno

123 476 279 547 sufficere3
296 475 410 535 aeriam
426 477 512 534 caelo
528 496 597 534 nam
615 477 754 553 Iuppiter
770 477 843 536 Irim

122 575 254 648 demisit,
270 594 434 652 germanae
449 578 532 634 haud
548 578 651 636 mollia
666 578 750 636 iussa
764 578 914 638 ferentem

123 675 154 732 ni
169 676 292 734 Turnus
308 676 398 736 cedat
412 677 599 735 Teucrorum
615 677 775 736 moenibus
791 677 870 736 altis,
1070 678 1121 744 805

123 777 204 852 Ergo
219 794 277 834 nec
292 775 390 851 clipeo
406 775 525 834 iuvenis
541 775 709 835 subsistere
725 787 843 836 tantum

122 893 179 934 nec
194 875 300 934 dextra
315 876 413 935 valet:
437 875 557 934 iniectis
572 877 617 934 sic
632 876 768 953 undique
783 877 852 936 telis

122 975 268 1034 obruitur.
314 975 428 1052 Strepit
443 975 572 1034 adsiduo
588 995 664 1035 cava
679 986 817 1052 tempora
833 977 948 1036 circum

121 1075 234 1134 tinnitu
248 1075 345 1152 galea,
363 1085 393 1134 et
407 1075 490 1134 saxis
505 1075 606 1134 solida
621 1094 692 1134 aera
705 1077 862 1150 fatiscunt,

122 1174 342 1251 discussaeque
357 1174 448 1234 iubae
464 1175 566 1252 capiti,
583 1195 641 1236 nec
657 1176 767 1234 sufficit
783 1177 876 1235 umbo
1069 1177 1120 1227 810

121 1273 251 1334 ictibus:
275 1275 466 1351 ingeminant
481 1275 579 1334 hastis
595 1285 626 1334 et
641 1276 738 1334 Troes
754 1286 785 1334 et
800 1276 866 1352 ipse

120 1374 286 1433 fulmineus
303 1376 496 1434 Mnestheus.
540 1376 619 1433 Tum
634 1384 699 1434 toto
715 1395 843 1452 corpore
859 1377 953 1436 sudor

120 1473 245 1551 liquitur
260 1484 291 1533 et
305 1474 426 1550 piceum
438 1510 480 1518 -
491 1493 549 1533 nec
564 1475 714 1551 respirare
730 1485 869 1551 potestas
879 1512 921 1519 —

120 1573 233 1633 flumen
249 1573 326 1650 agit;
349 1575 450 1634 fessos
466 1574 565 1650 quatit
581 1593 670 1652 aeger
685 1575 840 1634 anhelitus
855 1585 947 1634 artus

120 1674 199 1732 Tum
216 1674 339 1733 demum
353 1693 501 1751 praeceps
517 1675 598 1734 saltu
614 1693 682 1733 sese
698 1675 841 1735 omnibus
857 1675 948 1734 armis
1068 1676 1119 1742 815

120 1773 152 1831 in
167 1771 292 1833 fluvium
308 1774 411 1833 dedit:
435 1775 486 1834 ille
501 1793 557 1834 suo
573 1793 642 1833 cum
657 1775 776 1851 gurgite
791 1775 872 1834 flavo

120 1874 240 1949 accepit
254 1874 429 1934 venientem
445 1894 482 1933 ac
496 1874 639 1934 mollibus
655 1874 763 1934 extulit
779 1875 879 1948 undiS,

120 1985 151 2033 et
166 1974 279 2034 laetum
295 1974 387 2033 sociis
403 1974 507 2034 abluta
522 1974 617 2035 caede
633 1975 757 2035 remisit.

165 2162 223 2221 807,
241 2156 306 2208 telin
323 2155 454 2208 obruitur.
491 2155 532 2205 Cf.
552 2157 587 2204 II.
606 2171 669 2217 410:
691 2159 747 2206 telis
765 2165 908 2207 nostrorum
929 2159 1071 2207 obruimur.
1084 2189 1117 2196 —

119 2244 177 2304 812,
197 2245 256 2304 813,
275 2240 355 2291 sudor
371 2239 487 2304 liquitur
503 2241 530 2291 et
544 2239 670 2304 piceum.
686 2277 692 2290 .
709 2241 827 2291 ‚flumen
842 2241 912 2304 agit.
949 2240 990 2288 Cf.
1004 2242 1036 2288 V.
1051 2256 1114 2292 200:

119 2324 198 2371 sudor
205 2323 273 2386 fluit
282 2323 395 2386 undique
407 2325 478 2372 rivis.
490 2352 524 2359 -
536 2328 594 2385 814.
622 2322 664 2371 Cf.
678 2324 708 2370 V.
724 2337 784 2386 199:
806 2325 889 2372 creber
901 2325 1032 2373 anhelitus
1043 2333 1117 2374 artus

121 2407 266 2470 ...qualia
