2414 3694
109 208 147 267 14
435 208 608 252 Aruernos
633 208 697 252 mn.
726 208 769 252 rx.

104 379 348 456 armigerumque
365 378 455 437 Remi
473 379 583 454 premit
602 379 801 455 aurigamque
818 380 876 438 sub
891 379 967 454 ipsis
1052 393 1109 444 330

103 489 233 537 nanctus
249 479 346 554 equis,
363 479 506 554 ferroque
522 488 607 537 secat
622 479 790 554 pendentia
806 479 898 552 colla;

103 588 167 637 tum
183 589 276 654 caput
292 578 351 655 ipsi
367 579 467 637 aufert
482 577 616 650 domin0,
633 588 837 654 truncumque
853 579 998 655 relinquit

104 679 254 754 sanguine
271 678 507 754 singultantem;
531 688 597 736 atro
613 679 768 754 tepefacta
783 696 891 736 eruore

103 787 183 836 terra
195 779 313 853 torique
326 778 459 837 madent.
496 781 636 837 Necnon
650 756 876 856 Lamyiumque
887 779 1082 855 Lamumque

103 888 134 936 et
149 878 290 937 iuvenem
308 879 479 950 Serranum,
501 877 552 936 illa
569 877 621 954 qui
637 877 767 954 plurima
782 887 873 936 nocte
1053 891 1106 942 335

104 977 225 1058 luserat,
243 977 372 1054 insignis
386 978 476 1050 facie,
493 979 651 1054 multoque
667 977 788 1037 iacebat

103 1077 241 1136 membra
256 1078 314 1136 deo
329 1077 442 1136 victus:
464 1076 546 1148 felix,
564 1077 591 1136 si
607 1077 746 1154 protinus
762 1077 846 1135 illum

103 1186 268 1253 aequasset
282 1177 365 1236 nocti
380 1176 486 1235 ludum
501 1177 533 1235 in
549 1176 710 1252 lucemque
726 1176 854 1235 tulisset.

103 1279 261 1355 Impastus
277 1298 332 1338 ceu
348 1278 439 1355 plena
454 1279 502 1338 leo
518 1299 572 1355 per
587 1279 679 1338 ovilia
693 1280 822 1338 turbans

102 1379 265 1437 —suadet
280 1378 361 1438 enim
377 1397 492 1437 vesana
506 1379 604 1438 fames
614 1415 655 1423 —
665 1379 845 1455 manditque
861 1380 1014 1456 trahitque
1051 1393 1104 1444 340

104 1479 193 1538 molle
208 1497 302 1555 pecus
318 1487 497 1555 mutumque
513 1488 603 1552 metu,
621 1479 723 1538 fremit
738 1498 790 1538 ore
807 1489 952 1539 cruento:

103 1598 159 1639 nec
175 1569 273 1638 minor
290 1578 411 1656 Euryali
427 1579 554 1650 caedes;
578 1578 722 1638 incensus
738 1591 768 1638 et
783 1579 849 1655 ipse

101 1679 230 1756 perfurit
245 1697 281 1737 ac
296 1679 422 1736 multam
437 1678 468 1735 in
484 1678 586 1737 medio
601 1678 667 1737 sine
682 1678 806 1737 nomine
822 1679 952 1754 plebem,

103 1780 282 1855 Fadumque
300 1779 538 1854 Herbesumque
550 1778 633 1837 subit
649 1777 866 1854 Rhoetumque
879 1778 1077 1854 Abarimque,

102 1879 236 1956 ignaros,
254 1878 410 1937 Rhoetum
425 1878 603 1955 vigilantem
619 1888 650 1949 et
665 1888 776 1938 cuncta
791 1879 954 1953 videntem,
1050 1893 1101 1946 345

102 1981 158 2038 sed
173 1998 315 2056 magnum
331 1989 471 2038 metuens
487 1997 520 2038 se
536 1989 607 2056 post
623 1988 741 2038 cratera
756 1981 895 2057 tegebat3

102 2083 226 2156 pectore
242 2079 273 2136 in
290 2079 418 2139 adverso
434 2089 533 2138 totum
548 2081 597 2139 cui
613 2080 783 2139 comminus
798 2099 904 2141 ensem

103 2179 241 2238 condidit
257 2179 444 2256 adsurgenti,
464 2190 495 2239 et
510 2180 606 2240 multa
622 2189 718 2239 morte
734 2174 858 2256 recepit.

103 2280 289 2354 Purpuream
306 2279 399 2338 vomit
415 2279 466 2338 ille
482 2280 624 2352 animam,
642 2289 673 2338 et
689 2299 757 2338 cum
775 2279 923 2356 sanguine
939 2278 1033 2339 mixta

102 2379 173 2436 vina
189 2379 281 2437 refert
296 2379 448 2452 moriens;
472 2380 521 2437 hic
536 2380 618 2437 furto
633 2378 769 2438 fervidus
785 2378 887 2437 instat.
1051 2390 1100 2443 350

103 2481 230 2554 Iamque
247 2479 286 2538 ad
303 2479 442 2555 Messapi
458 2479 559 2538 socios
575 2479 737 2551 tendebat,
762 2478 804 2538 ibi
820 2478 921 2555 ignem
956 2487 965 2514 '

104 2580 233 2639 deficere
251 2588 419 2637 extremum
435 2588 466 2637 et
481 2578 624 2655 religatos
639 2579 695 2637 rite
710 2579 835 2637 videbat

103 2697 227 2754 carpere
242 2697 368 2754 gramen
386 2696 498 2754 equos:
522 2678 655 2737 breviter
670 2697 740 2736 cum
754 2677 828 2736 talia
844 2678 947 2749 NisuS,

103 2779 200 2837 sensit
215 2779 296 2836 enim
313 2778 406 2836 nimia
422 2779 517 2837 caede
533 2786 626 2854 atque
642 2777 785 2853 cupidine
800 2777 889 2836 ferri:

103 2877 337 2949 ‘Absistamus,'
356 2878 405 2949 ait,
426 2885 513 2934 ‘nam
529 2877 580 2936 lux
595 2877 719 2934 inimica
731 2877 928 2953 propinquat.
1052 2891 1099 2943 355

104 2979 274 3036 Poenarum
290 2978 471 3036 exhaustum
488 2976 563 3035 satis
580 2986 635 3048 est,
655 2975 704 3035 via
719 2977 801 3035 facta
817 2995 871 3052 per
886 2975 1005 3035 hostis'

147 3160 206 3206 341,
225 3146 331 3195 mutum
349 3145 432 3194 metu.
469 3142 510 3191 Cf.
531 3144 631 3191 Lucret.
652 3143 672 3188 Ι.
691 3156 738 3204 92:
756 3150 827 3191 muta
845 3150 1031 3204 meta—349.
1057 3143 1097 3192 Cf.

106 3224 159 3272 III.
177 3224 242 3288 632:
261 3227 357 3272 saniem
376 3230 492 3272 eructans
509 3230 533 3270 et
540 3223 632 3286 frusta
644 3229 748 3270 cruento
759 3230 810 3283 per
824 3237 941 3269 somnum
960 3225 1097 3272 commixta

106 3317 174 3348 mero
183 3317 194 3358 ,·
214 3302 244 3346 V.
258 3301 306 3364 469
318 3318 323 3347 :
342 3316 456 3348 cruorem
467 3316 508 3347 ore
519 3301 660 3351 eiectantem
674 3299 815 3362 mr'rctosque
827 3300 855 3346 in
868 3301 993 3363 sanguine
1005 3301 1096 3349 dentes.
