2414 3694
425 131 435 171 r

126 220 168 279 28
453 235 629 279 Aruernos
653 235 719 279 um.
746 235 791 279 rx.

125 407 276 466 Thebana
290 408 329 466 de
345 417 442 466 matre
458 409 587 466 nothum
604 407 793 484 Sarpedonis
807 406 871 478 alti,

125 507 265 567 coniecto
280 507 389 566 sternit
404 507 522 578 iaculo;
546 507 629 566 volat
645 507 725 565 Itala
739 525 852 566 comus

124 611 197 666 adra
210 627 265 684 per
278 617 428 679 tenerum,
445 608 668 684 stomachoque
684 606 778 665 infixa
793 607 852 665 sub
867 606 963 665 altum

124 717 231 783 pectus
247 706 329 766 abit:
352 707 455 766 reddit
470 726 582 784 specus
598 707 654 766 atri
669 706 804 766 volneris
819 707 934 765 undam
1078 719 1126 768 700

125 816 327 883 spumantem,
344 817 375 866 et
390 808 451 865 fixo
464 808 579 866 ferrum
594 807 626 864 in
641 807 786 883 pulmone
801 806 941 883 tepescit

124 907 204 964 Tum
227 908 387 983 Meropem
409 917 503 984 atque
526 909 692 986 Erymanta
713 925 815 978 manu,
838 917 904 966 tum
926 905 1037 966 sternit

208 1006 396 1082 Aphidnum,

124 1115 189 1164 tum
205 1105 305 1164 Bitian
321 1107 479 1164 ardentem
495 1106 592 1166 oculis
608 1105 779 1183 animisque
794 1106 990 1165 frementem:

125 1225 187 1264 non
202 1205 312 1278 iacu10,
329 1206 526 1280 nequeenim
542 1205 647 1286 iaculo·
657 1205 751 1265 vitam
766 1205 817 1264 ille
833 1204 980 1278 dedisset,

125 1305 182 1364 sed
196 1323 340 1382 magnum
356 1305 489 1364 stridens
504 1314 646 1366 contorta
673 1305 802 1364 falarica
816 1305 910 1378 venit,
1078 1318 1128 1371 705
1147 1370 1150 1378 ,

125 1404 262 1463 fulminis
278 1415 347 1464 acta
361 1406 462 1477 modo,
479 1425 571 1482 quam
586 1424 644 1464 nec
659 1405 721 1464 duo
736 1415 843 1465 taurea
857 1415 944 1483 terga

127 1523 184 1562 nec
199 1505 315 1580 duplici
330 1524 459 1580 squama
473 1505 568 1565 lorica
582 1505 683 1564 fidelis
698 1515 730 1564 et
744 1525 819 1564 auro

127 1604 286 1663 sustinuit:
310 1607 457 1681 conlapsa
471 1615 564 1664 ruunt
578 1605 724 1664 immania
738 1606 885 1664 membra.

129 1707 191 1763 Dat
205 1705 294 1763 tellus
309 1705 464 1781 gemitum,
480 1715 512 1765 et
526 1705 659 1782 clipeum
673 1723 766 1782 super
780 1703 901 1765 intonat
916 1704 1037 1782 ingens.

128 1804 213 1863 Talis
228 1805 259 1862 in
276 1805 414 1865 Euboico
430 1806 572 1864 Baiarum
584 1806 672 1866 litore
688 1805 845 1882 quondam
1079 1817 1130 1866 7¹0

127 1923 220 1963 saxea
235 1905 298 1981 pila
313 1905 396 1964 cadit
411 1906 531 1983 magnis
547 1925 639 1982 quam
655 1905 788 1965 molibus
804 1915 875 1964 ante

128 2013 333 2064 constructam
348 2015 444 2081 ponto
459 2006 593 2078 iaciunt,
617 2006 661 2065 sic
676 2005 728 2064 illa
744 2005 862 2064 ruinam

127 2124 224 2181 prona
239 2105 341 2177 trahit,
357 2106 542 2182 penitusque
558 2106 646 2166 vadis
661 2105 753 2164 inlisa
767 2103 935 2164 recumbit:

128 2205 258 2263 miscent
273 2224 306 2264 se
321 2205 425 2278 maria,
443 2215 473 2264 et
488 2206 593 2283 nigrae
610 2206 790 2265 attolluntur
804 2206 956 2276 harenae3

128 2315 192 2363 tum
207 2305 310 2364 sonitu
327 2305 481 2383 Prochyta
497 2306 558 2366 alta
573 2306 674 2365 tremit
690 2305 861 2381 durumque
876 2303 977 2363 cubile
1078 2316 1128 2370 715

129 2404 262 2464 Inarime
279 2406 362 2464 Iovis
378 2405 512 2481 imperiis
527 2406 660 2482 imposta
675 2405 834 2483 Typhoeo.

171 2504 234 2565 Hic
250 2507 336 2563 Mars
352 2505 540 2582 armipotens
556 2506 690 2564 animum
706 2505 847 2581 viresque
863 2502 983 2564 Latinis

128 2604 256 2678 addidit,
273 2615 304 2665 et
319 2605 458 2664 stimulos
475 2605 555 2665 acris
570 2606 628 2664 sub
644 2614 769 2681 pectore
785 2604 883 2675 vertit,

128 2705 314 2782 immisitque
332 2707 448 2783 Fugam
464 2706 592 2766 Teucris
608 2715 768 2781 atrumque
784 2705 948 2763 Timorem.

128 2805 276 2882 Undique
291 2806 486 2878 conveniunt,
505 2806 649 2882 quoniam
665 2806 738 2865 data
754 2804 844 2881 copia
859 2822 980 2881 pugnae
1078 2816 1127 2865 720

128 2905 319 2982 bellatorque
335 2906 437 2966 animo
453 2907 530 2966 deus
545 2906 661 2965 incidit.

161 3076 220 3137 698,
239 3076 297 3137 699,
316 3072 393 3124 volat
409 3073 482 3124 Itala
499 3084 595 3123 comus
608 3070 671 3123 aera
686 3083 734 3136 por
747 3072 880 3122 tenerum.
916 3067 957 3118 Cf.
971 3069 1074 3117 Lucret.
1089 3068 1126 3117 11.

130 3167 193 3220 145:
211 3157 339 3205 volucres.
355 3157 571 3219 ..pervolitantes
586 3159 647 3204 αἶγα
659 3162 710 3217 per
727 3160 892 3202 tenerum.—
932 3167 991 3216 714,
1011 3152 1128 3204 miscent

127 3253 156 3290 ae
169 3239 263 3290 maria.
288 3239 330 3288 Cf.
341 3238 362 3287 Ι.
376 3253 437 3300 ¹²42
452 3241 554 3288 misceri
565 3255 701 3288 murmure
708 3245 825 3300 pontum.
837 3266 873 3316 ‘.
878 3242 936 3300 718.
956 3234 998 3284 Cf.
1007 3236 1056 3284 Vl.
1069 3250 1127 3286 ror:

73 3343 76 3350 ·
128 3325 242 3372 stimulos
254 3324 299 3371 sub
304 3330 404 3385 pectore
413 3324 490 3371 vertit
498 3322 596 3384 Apollo.

81 3392 189 3422 Α.
