2414 3694
405 238 580 284 AENElDOS
604 237 670 282 LIB.
697 237 742 283 lX.

71 411 202 470 Tithoni
218 429 360 470 croceum
374 410 517 489 linquens
533 414 653 470 Aurora
667 409 789 469 cubile:

72 512 133 570 iam
149 511 217 571 sole
232 511 344 585 inlus0,
362 511 423 570 iam
438 513 530 571 rebus
546 512 614 570 luce
629 510 754 570 retectis

73 613 199 670 Turnus
215 611 247 669 in
265 630 348 670 arma
363 611 453 685 viros
471 612 564 671 armis
580 610 787 670 circumdatus
802 610 878 687 ipse,

73 711 212 783 suscitat,
231 722 414 787 aeratasque
430 712 513 771 acies
528 711 560 769 in
575 710 693 788 proelia
709 710 791 787 cogit

73 811 208 888 quisque
224 831 305 882 suas,
322 811 476 888 variisque
492 821 606 871 acuunt
621 810 793 870 rumoribus
809 810 877 870 iras

74 911 159 985 Quin
174 911 244 987 ipsa
258 911 519 971 adrectis—visu
534 907 797 970 miserabile-in
815 909 912 970 hastis

75 1012 251 1088 praefigunt
266 1011 368 1088 capita
383 1021 414 1071 et
428 1011 524 1070 multo
540 1011 673 1071 clamore
689 1018 860 1087 sequuntur

76 1111 203 1188 Euryali
218 1121 249 1170 et
264 1111 342 1170 Nisi.

74 1211 243 1270 Aeneadae
259 1211 327 1270 duri
342 1230 496 1270 murorum
515 1211 547 1269 in
562 1221 648 1288 parte
664 1210 789 1270 sinistra

75 1330 250 1387 opposuere
266 1311 372 1382 aciem,
389 1330 459 1370 narn
476 1311 602 1371 dextera
618 1311 749 1388 cingitur
763 1311 854 1382 amni,

75 1409 273 1488 ingentisque
289 1421 396 1470 tenent
411 1412 513 1470 fossas
528 1420 560 1470 et
574 1410 707 1470 turribus
724 1410 793 1469 altis

75 1521 162 1570 stant
176 1511 287 1568 maesti
300 1535 306 1580 ;
330 1511 420 1571 simul
435 1531 489 1570 ora
504 1503 603 1570 uirum
618 1511 753 1587 praelixa
768 1510 935 1570 movebant

66 1608 151 1669 'nota
167 1611 258 1668 nimis
273 1610 393 1670 miseris
410 1621 537 1688 atroque
553 1611 681 1670 fluentia
695 1611 778 1670 tab0.

118 1713 244 1769 Interea
259 1711 402 1788 pavidam
417 1711 551 1770 volitans
566 1711 695 1788 pinnata
710 1730 764 1787 per
781 1711 887 1770 urbem

73 1811 184 1870 nuntia
200 1812 294 1870 Fama
309 1811 376 1882 ruit,
394 1811 560 1887 matrisque
576 1811 729 1870 adlabitur
744 1811 825 1870 auris

75 1911 207 1988 Euryali.
253 1914 294 1970 At
309 1911 431 1970 subitus
447 1911 576 1970 miserae
592 1912 674 1970 calor
688 1930 760 1970 ossa
775 1910 906 1987 reliquit,

75 2011 199 2070 excussi
216 2011 358 2070 manibus
374 2011 451 2070 radii
467 2013 666 2088 revolutaque
682 2029 788 2088 pensa.

76 2110 189 2168 Evolat
202 2110 309 2169 infelix
325 2121 355 2169 et
370 2110 504 2169 femineo
520 2111 637 2170 ululatu

75 2209 176 2268 scissa
191 2229 311 2268 comam
326 2230 429 2269 muros
444 2230 552 2269 amens
568 2221 660 2288 atque
676 2210 798 2287 agmina
813 2228 903 2269 cursu

74 2309 174 2386 prima
190 2309 274 2385 petit,
291 2329 353 2368 non
369 2309 421 2368 illa
436 2310 542 2383 virum,
559 2330 621 2369 non
637 2310 689 2368 illa
704 2309 811 2386 pericli

74 2409 267 2485 telorumque
284 2428 414 2479 mem0r;
438 2410 558 2469 caelum
572 2410 685 2470 dehinc
701 2409 861 2485 questibus
877 2409 997 2487 implet:
1024 2408 1073 2472 480

75 2510 191 2567 ‘Hunc
207 2528 264 2585 ego
280 2519 318 2580 te,
338 2510 476 2588 Euryale,
495 2509 631 2586 aspicio?
675 2510 773 2582 Tune,
791 2509 841 2569 ille
857 2520 1001 2570 senectae

74 2626 144 2667 sera
159 2627 246 2668 meae
262 2609 392 2684 requies,
410 2609 538 2685 potuisti
554 2609 691 2686 linquere
708 2609 805 2668 solam

73 2707 229 2767 crudelis?
274 2711 303 2767 N
306 2727 341 2768 ec
357 2718 387 2768 te
403 2709 461 2768 sub
477 2718 563 2769 tauta
578 2709 713 2786 pericula
729 2709 856 2769 missum

74 2808 173 2867 adfari
190 2818 358 2867 extremum
375 2809 504 2868 miserae
520 2810 593 2868 data
608 2809 698 2886 copia
714 2810 823 2868 matri?

75 2909 157 2980 Heu,
175 2918 255 2967 terra
271 2910 376 2986 ignota
390 2909 519 2969 canibus
535 2910 609 2969 data
624 2909 740 2987 praeda
755 2908 875 2968 Latinis
1023 2907 1073 2975 485

116 3078 176 3137 460.
203 3073 337 3138 Repeated
357 3073 426 3124 from
447 3076 479 3125 G.
502 3077 522 3123 l.
542 3091 598 3138 447.
611 3091 712 3141 -472,
734 3079 847 3141 atroque
865 3075 977 3127 ruentia
996 3078 1070 3128 tuba

73 3156 259 3206 Cf.111.626:
277 3161 334 3207 vidi
348 3166 404 3207 atro
421 3177 478 3208 cum
498 3161 609 3209 membra
620 3161 734 3223 fluentia
752 3161 806 3208 tabo
823 3162 1071 3222 manderet—475.

73 3240 114 3288 Cf.
129 3241 180 3288 111.
195 3240 243 3305 308
255 3258 260 3288 :
278 3243 390 3305 deriguit
400 3244 457 3291 visu
470 3246 498 3291 in
510 3245 598 3300 medio,
608 3244 678 3292 calor
690 3259 743 3291 ossa
756 3244 868 3306 reliquit.
880 3272 913 3280 —
923 3257 981 3308 477,
995 3241 1074 3294 femi-

73 3336 121 3375 neo
139 3325 256 3375 ululatu.
291 3325 332 3373 Cf.
352 3325 399 3373 IV.
417 3326 477 3388 667:
490 3328 605 3391 femineo
617 3327 720 3376 ululatu
734 3334 795 3376 tecta
806 3327 937 3390 fremunt.
