2414 3694
432 238 605 282 AENEIDOS
632 238 695 282 LlB.
725 238 766 281 lX.

99 419 251 482 auratum,
269 410 344 468 mira
360 429 452 485 quem
466 410 584 469 fecerat
599 418 663 468 arte
680 411 805 488 Lycaon

100 509 239 569 Gnosius
255 518 347 586 atque
363 509 498 569 habilem
514 509 626 586 vagina
641 518 762 586 aptarat
777 510 903 569 eburna.

102 612 165 669 Dat
181 609 260 668 Niso
277 609 462 669 Mnestheus
478 610 590 686 pellem
606 608 821 686 horrentisque
836 609 934 669 leonis

100 709 243 782 exuvias3
264 710 384 787 galeam
398 710 479 768 fidus
495 718 648 785 permutat
664 709 778 768 Aletes.

101 811 247 868 Protinus
262 809 371 868 annati
387 805 551 881 incedunt;
576 828 655 885 quos
671 809 771 868 omnis
786 810 887 868 euntis

100 909 268 985 primorum
285 927 394 967 manus
410 910 450 968 ad
465 918 571 985 portas
587 908 793 984 iuvenumque
809 928 978 986 senumque

101 1008 299 1085 prosequitur
313 1008 401 1069 votis.
448 1011 515 1068 Nec
531 1028 593 1067 non
609 1018 641 1068 et
655 1009 783 1085 pulcher
799 1009 894 1082 Iulus,

100 1119 172 1168 ante
189 1127 288 1167 annos
304 1109 502 1185 animumque
516 1128 627 1186 gerens
643 1127 811 1186 curamque
826 1108 952 1179 virilem,

100 1210 197 1267 multa
214 1209 294 1284 patri
310 1208 457 1268 mandata
472 1209 568 1268 dabat
582 1209 756 1285 portanda:
781 1209 836 1268 sed
852 1228 943 1268 aurae

100 1309 205 1367 omnia
220 1309 401 1385 discerpunt
416 1319 447 1368 et
462 1308 597 1367 nubibus
612 1308 703 1367 inrita
718 1308 844 1368 donant.

144 1409 267 1485 Egressi
283 1418 430 1484 superant
445 1409 546 1468 fossas
562 1409 724 1485 noctisque
740 1427 795 1484 per
810 1408 948 1467 umbram

99 1518 203 1567 castra
218 1508 342 1566 inimica
357 1518 474 1585 petunt,
492 1507 596 1567 multis
611 1518 715 1568 ¹tamen
730 1518 801 1567 ante
817 1508 910 1567 futuri

99 1609 203 1667 exitio.
250 1608 367 1667 Passim
384 1627 495 1667 somno
509 1600 644 1684 vinoque
659 1628 714 1685 per
729 1609 857 1668 herbam

99 1727 232 1785 corpora
246 1708 317 1766 fusa
329 1709 445 1780 vident,
462 1709 604 1768 adrectos
620 1709 708 1768 litore
724 1727 839 1781 currus,

100 1809 180 1866 inter
196 1808 260 1867 lora
275 1818 420 1884 rotasque
436 1809 527 1881 viros,
544 1807 635 1867 simul
651 1827 735 1866 arma
751 1808 858 1880 iacere,

100 1909 172 1967 vina
188 1908 287 1967 simul.
333 1907 419 1967 Prior
435 1907 623 1986 Hyrtacides
639 1909 684 1968 sic
698 1927 751 1968 ore
768 1908 906 1968 locutus:

102 2009 259 2086 ‘Euryale
277 2007 453 2066 audendum
469 2009 576 2066 dextra
591 2033 597 2079 ;
621 2027 703 2067 nunc
718 2008 786 2083 ipsa
801 2017 891 2067 vocat
906 2027 962 2068 res.

102 2109 172 2166 Hac
188 2107 245 2166 iter
261 2118 316 2166 est.
361 2109 418 2179 Tu,
436 2127 475 2166 ne
492 2127 553 2185 qua
569 2126 677 2167 manus
693 2126 727 2166 se
743 2107 881 2167 attollere
897 2107 986 2167 nobis

100 2227 118 2265 a
134 2217 222 2284 tergo
237 2207 345 2283 possit,
362 2207 484 2266 custodi
501 2217 532 2266 et
547 2208 673 2266 consule
689 2205 798 2285 longe';

99 2309 177 2367 haec
193 2325 250 2385 ego
266 2317 353 2366 vasta
368 2308 450 2367 dabo
466 2317 498 2367 et
513 2307 576 2366 lato
591 2317 622 2367 te
639 2306 734 2367 limite
750 2307 881 2366 ducam.’
941 2307 945 2314 '

103 2407 155 2467 Sic
170 2416 321 2466 memorat
335 2425 503 2482 vocemque
519 2407 643 2482 premit;
667 2407 757 2466 simul
773 2425 846 2466 ense
862 2408 1027 2483 superbum

101 2507 306 2566 Rhamnetem
323 2506 507 2583 aggreditur,
525 2507 578 2582 qui
593 2507 672 2566 forte
688 2506 844 2584 tapetibus
861 2507 930 2566 altis
1049 2522 1097 2573 325

99 2616 274 2666 exstructus
290 2616 354 2665 toto
369 2607 522 2683 proflabat
536 2616 662 2683 pectore
678 2625 829 2678 somnum,

98 2726 152 2766 rex
167 2706 249 2765 idem
265 2715 296 2764 et
312 2705 375 2782 regi
391 2707 496 2765 Turno
512 2706 705 2783 gratissimus
721 2726 825 2783 augur,

99 2807 156 2867 sed
171 2825 234 2865 non
250 2805 378 2883 augurio
393 2806 495 2882 potuit
511 2806 666 2882 depellere
681 2816 808 2882 pestem.

98 2906 169 2966 Tris
185 2906 269 2965 iuxta
282 2906 415 2965 famulos
430 2916 544 2965 temere
561 2906 640 2964 inter
655 2908 717 2965 tela
732 2906 861 2966 iacentis

143 3076 203 3137 306,
222 3071 322 3136 pellem
340 3071 527 3136 horrentisque
544 3071 630 3123 leonis
648 3072 771 3123 exuvias.
809 3072 850 3120 Cf.
870 3073 901 3120 V.
920 3087 934 3138 3
939 3088 980 3140 51:
998 3081 1094 3136 tergum

101 3157 203 3205 Gaetuli
222 3158 335 3203 immane
354 3156 433 3203 leonis
446 3191 451 3201 .
465 3190 471 3202 .
485 3191 491 3202 .
503 3156 575 3202 villis
593 3171 732 3203 onerosum.
745 3183 778 3190 -
791 3161 850 3220 316,
869 3169 962 3209 somno
979 3157 1097 3221 vinoque

98 3239 171 3290 fusa.
208 3239 250 3287 Cf.
263 3239 314 3287 line
328 3253 340 3286 2
344 3238 376 3303 36
386 3257 392 3287 ι
409 3255 495 3286 somno
506 3241 615 3302 vinaque
625 3240 708 3286 soluti.
718 3267 752 3275 —-
761 3245 819 3300 328.
845 3240 886 3288 Cf.
897 3241 959 3289 VII.
972 3254 985 3301 7
990 3240 1021 3305 56
1032 3259 1037 3288 :
1056 3242 1100 3289 sed

99 3340 150 3372 nan
162 3324 316 3371 Dardaniae
328 3322 452 3370 medicari
463 3324 574 3384 cuspidis
586 3324 662 3370 ictum
675 3323 777 3371 evaluit.
