2414 3694
429 246 603 290 AENEIDOS
628 247 692 290 LlB.
721 247 765 290 IX.

99 418 234 477 Martius
250 437 268 475 a
283 417 413 476 stabulis
430 417 531 494 rapuit
546 418 645 494 lupus,
692 417 838 493 Undique
855 417 968 477 clamor

97 518 231 578 tollitur:
255 518 405 576 invadunt
420 527 451 576 et
464 518 566 577 fossas
583 537 693 594 aggere
709 518 881 594 complent,

99 618 237 678 ardentis
252 619 361 678 taedas
377 617 430 676 alii
445 619 485 676 ad
499 617 624 694 fastigia
638 617 762 676 iactant.

101 718 238 778 Ilioneus
253 737 327 778 saxo
343 728 435 794 atque
450 717 567 794 ingenti
582 717 735 795 fragmine
751 717 865 777 montis
1057 783 1066 800 ι

100 817 263 878 Lucetium
278 827 385 894 portae
401 818 585 877 subeuntem
601 818 743 895 ignisque
757 819 917 890 ferentem,
1050 829 1097 881 570

101 919 287 977 Emathiona
302 918 402 995 Liger,
421 920 613 996 Corynaeum
629 919 738 977 sternit
753 917 864 990 Asilas,

99 1019 151 1076 hic
167 1018 267 1077 iaculo
282 1018 392 1090 bonus
409 1018 460 1076 hic
476 1018 566 1095 longe
580 1018 707 1077 fallente
724 1017 845 1094 sagitta,

100 1117 263 1196 Ortygium
280 1119 431 1190 Caeneus,
448 1117 595 1177 victorem
612 1121 736 1178 Caenea
751 1119 882 1190 Turnus,

100 1219 224 1277 Turnus
240 1220 310 1296 Ityn
327 1217 541 1294 Cloniumque,
560 1217 748 1294 Dioxippum
765 1218 1000 1294 Promolumque

100 1328 132 1376 et
148 1317 286 1395 Sagarim
302 1327 333 1377 et
347 1317 474 1376 summis
491 1326 624 1376 stantem
639 1336 695 1394 pro
710 1316 844 1377 turribus
862 1317 948 1389 Idan,
1051 1329 1097 1383 575

100 1417 280 1477 Privernum
296 1419 408 1496 Capys.
445 1419 540 1477 Hunc
554 1417 652 1494 primo
668 1417 743 1476 levis
759 1418 849 1475 hasta
865 1417 1035 1476 Themillae

100 1517 280 1577 strinxerat:
305 1517 355 1576 ille
371 1537 496 1577 manum
511 1517 648 1594 proiecto
663 1517 797 1594 tegmine
814 1518 942 1577 demens

99 1619 141 1677 ad
156 1617 266 1676 volnus
281 1617 367 1689 tulit;
391 1636 463 1694 ergo
479 1617 535 1676 alis
551 1617 679 1693 adlapsa
694 1616 807 1694 sagitta
817 1652 859 1660 -

99 1727 132 1777 et
149 1717 236 1777 laevo
252 1715 345 1775 insuta
359 1725 407 1777 est
420 1717 508 1776 lateri
523 1735 632 1776 manus
644 1753 685 1760 —-
697 1716 863 1794 abditaque
880 1717 962 1776 intus

100 1817 290 1895 spiramenta
305 1816 423 1877 animae
439 1816 523 1877 letali
539 1818 662 1877 volnere
678 1816 768 1893 rupit.
1050 1814 1098 1882 580

101 1919 212 1979 Stabat
225 1917 257 1976 in
269 1917 399 1996 egregiis
415 1917 558 1979 Arcentis
573 1918 655 1977 filius
670 1917 771 1990 armis,

101 2019 205 2096 pictus
220 2037 278 2078 acu
293 2017 485 2097 chlamydem
500 2027 532 2078 et
546 2017 700 2095 ferrugine
716 2018 816 2077 clarus
833 2017 960 2092 Hibera,

99 2118 231 2197 insignis
245 2118 334 2192 facie,
352 2119 472 2196 genitor
487 2137 578 2195 quem
594 2118 719 2177 miserat
735 2120 864 2191 Arcens,

99 2220 247 2278 eductum
262 2218 367 2278 matris
382 2219 452 2279 luco
469 2218 645 2296 Symaethia
660 2218 774 2277 circum

99 2319 236 2391 flumina,
252 2317 375 2396 pinguis
391 2317 443 2378 ubi
459 2327 491 2377 et
505 2318 667 2394 placabilis
682 2337 735 2376 ara
751 2317 866 2378 Palici:
1000 2302 1002 2308 Ι
1051 2316 1097 2382 585

100 2419 282 2478 stridentem
297 2419 426 2477 fundam
440 2418 550 2495 positis
568 2417 742 2478 Mezentius
757 2418 855 2478 hastis

99 2518 166 2595 ipse
182 2530 229 2576 ter
245 2519 379 2577 adducta
394 2518 508 2577 circum
524 2527 617 2594 caput
632 2518 694 2595 egit
709 2518 840 2590 habena,

98 2628 129 2677 et
146 2618 248 2677 media
264 2619 384 2677 adversi
400 2618 567 2695 liquefacto
583 2628 722 2695 tempora
736 2618 862 2695 plumbo
887 2627 890 2636 '

99 2718 218 2791 diffidit,
236 2738 272 2777 ac
287 2719 383 2778 multa
397 2728 571 2795 porrectum
588 2718 725 2777 extendit
740 2718 875 2777 harena.¹

141 2820 221 2877 Tum
236 2818 366 2894 primum
381 2818 463 2878 bello
479 2819 609 2878 celerem
625 2817 795 2878 intendisse
812 2818 954 2896 sagittam
1050 2831 1098 2884 590

98 2917 219 2990 dicitur,
238 2919 404 2978 anteferas
420 2917 529 2978 solitus
544 2928 657 2976 terrere
672 2918 808 2994 fugaceS,

100 3018 264 3090 Ascanius,
281 3019 454 3094 fortemque
470 3037 563 3076 manu
578 3016 696 3076 fudisse
713 3019 889 3076 Numanum

145 3190 204 3250 582,
223 3185 313 3250 pictus
331 3197 381 3236 acu
399 3185 579 3248 chlamydem.
616 3183 657 3232 Cf.
672 3183 720 3232 XI.
739 3197 798 3246 777:
812 3186 898 3247 pictus
915 3201 963 3233 acu
981 3186 1081 3234 tunicas
1087 3200 1097 3242 ;

97 3265 234 3332 ferrugine
246 3270 334 3321 clarus
346 3268 454 3319 Hibera.
491 3267 533 3317 Cf.
548 3267 596 3316 XI.
616 3281 662 3328 772
674 3285 679 3314 :
692 3270 832 3330 peregrina
843 3269 983 3333 ferrugine
1000 3269 1093 3316 clarus.

99 3379 134 3386 -
143 3357 200 3414 589.
227 3352 267 3401 Cf.
282 3353 313 3400 V.
327 3366 391 3416 374:
403 3353 485 3416 fulva
497 3352 677 3401 moribundum
691 3352 805 3398 extendit
815 3352 920 3400 harena.
