2414 3694
420 242 595 287 AENElDOS
619 243 685 288 LlB.
712 242 756 287 lx.
1046 241 1084 286 21

88 425 219 494 possent
234 424 346 474 tectam
364 415 460 474 aciem
475 433 687 492 perrumpere:
711 433 780 473 cum
796 425 899 475 tamen
914 414 1014 474 omnis

88 517 171 576 ferre
187 516 263 574 libet
278 516 383 574 subter
398 516 496 574 densa
511 515 665 574 testudine
681 534 784 588 casus;

90 635 149 674 nec
165 616 225 673 iam
242 615 404 675 sufficiunt.
444 618 523 673 Nam
540 634 601 692 qua
615 615 725 692 globus
740 615 878 674 imminet
895 614 1004 692 ingens
1046 627 1092 681 515

92 717 258 775 immanem
274 715 384 774 Teucri
402 716 514 773 molem
528 715 718 791 volvuntque
733 727 896 791 ruuntque,

92 835 172 892 quae
188 816 296 874 stravit
313 816 445 874 Rutulos
461 814 522 874 late
538 834 751 891 armorumque
766 815 892 874 resolvit

91 915 237 993 tegmina.
284 917 351 974 Nec
366 925 474 973 curant
490 934 584 974 caeco
600 916 786 974 contendere
804 917 905 974 Marte

93 1016 225 1092 amplius
242 1017 375 1074 audaces
391 1015 507 1088 Rutuli,
525 1016 579 1074 sed
597 1015 711 1091 pellere
726 1015 806 1075 vallo

93 1116 261 1174 missilibus
277 1125 404 1174 certant.

94 1219 186 1274 Parte
203 1215 262 1273 alia
276 1216 449 1274 horrendus
465 1215 532 1274 visu
548 1216 717 1290 quassabat
734 1217 895 1275 Etruscam

93 1315 201 1392 pinum
217 1326 247 1374 et
262 1316 422 1375 fumiferos
438 1316 531 1373 infert
548 1315 722 1374 Mezentius
738 1315 834 1392 ignis3

94 1426 126 1474 at
143 1417 318 1491 Messapus
336 1434 449 1492 equum
464 1415 605 1487 domitor,
624 1415 781 1490 Neptunia
797 1415 908 1491 proles,

94 1515 243 1574 rescindit
257 1515 369 1573 vallum
386 1525 417 1574 et
433 1515 533 1574 scalas
549 1514 579 1572 in
597 1515 719 1572 moenia
734 1515 844 1590 poscit.

137 1617 213 1686 Vos,
230 1635 249 1673 o
265 1615 413 1691 Calliope,
430 1633 547 1691 precor,
565 1614 699 1690 aspirate
715 1615 847 1687 canenti,

95 1734 174 1791 quas
191 1714 232 1772 ibi
248 1724 312 1772 tum
327 1715 409 1773 ferro
426 1725 553 1791 strages,
569 1733 649 1791 quae
664 1715 773 1774 funera
788 1716 912 1774 Turnus

95 1813 236 1887 ediderit,
253 1833 343 1890 quem
360 1814 490 1890 quisque
506 1814 604 1872 virum
620 1815 776 1874 demiserit
792 1816 882 1887 Orco,

96 1925 128 1974 et
143 1933 262 1972 mecum
279 1914 411 1991 ingentis
427 1933 496 1973 oras
512 1914 643 1973 evolvite
658 1914 740 1987 belli,

97 2024 128 2074 et
143 2014 325 2073 meministis
341 2014 431 2086 enim,
448 2013 547 2086 divae,
564 2024 595 2073 et
609 2033 778 2073 memorare
793 2015 933 2090 potestis.

139 2113 246 2173 Turris
261 2124 326 2173 erat
340 2124 428 2173 vasto
444 2123 589 2190 suspectu
606 2125 637 2173 et
651 2115 798 2190 pontibus
814 2115 892 2187 altis,

98 2224 272 2292 opportuna
287 2215 363 2287 loco,
380 2213 506 2273 summis
522 2232 614 2290 quam
630 2214 745 2273 viribus
761 2233 869 2274 omnes

99 2332 276 2391 expugnare
294 2313 364 2372 Itali
381 2333 560 2389 summaque
576 2325 713 2373 evertere
728 2334 822 2390 opum
836 2315 866 2374 vi

99 2414 268 2486 certabant,
286 2415 382 2473 Troes
398 2424 504 2473 contra
519 2415 686 2474 defendere
701 2415 783 2473 saxis

99 2533 216 2591 perque
232 2533 323 2573 cavas
339 2515 428 2574 densi
443 2515 505 2574 tela
520 2514 695 2591 intorquere
711 2516 873 2574 fenestras.

101 2614 248 2690 Princeps
265 2615 421 2674 ardentem
437 2614 570 2674 coniecit
586 2615 729 2690 lampada
743 2616 867 2674 Turnus

99 2724 130 2773 et
145 2715 299 2773 flammam
316 2714 422 2773 adfixit
437 2714 533 2787 lateri,
551 2733 629 2790 quae
646 2714 775 2789 plurima
791 2724 883 2774 vento

100 2813 246 2890 corripuit
261 2813 382 2872 tabulas
398 2823 430 2872 et
444 2814 586 2890 postibus
601 2813 702 2873 haesit
717 2813 827 2873 adesis.

99 2913 230 2972 Turbati
246 2913 398 2990 trepidare
414 2913 496 2973 intus
511 2915 684 2989 frustraque
700 2913 848 2973 malorum

100 3013 179 3073 velle
194 3014 306 3090 fugam.
354 3016 435 3072 Dum
451 3033 484 3072 se
499 3014 670 3090 glomerant
685 3023 828 3090 retroque
844 3015 983 3075 residunt

146 3193 204 3242 523.
232 3179 365 3242 Repeated
381 3179 450 3227 from
463 3180 525 3227 VII.
544 3179 709 3242 691.-527.
734 3179 775 3227 Cf.
796 3180 831 3227 II.
851 3180 916 3245 398:
935 3182 1027 3230 multos
1045 3185 1097 3230 Da-

102 3280 181 3312 naum
198 3264 355 3312 demittimus
376 3265 559 3325 Orco—529.
586 3262 720 3325 Repeated
740 3262 809 3312 from
830 3264 892 3312 VII.
914 3263 980 3330 645;
1007 3266 1096 3317 divae.

102 3347 144 3395 Cf.
164 3347 193 3394 Il.
209 3347 245 3395 II.
258 3346 323 3411 485:
342 3347 404 3405 ὑμεῖς
422 3348 471 3408 ’γὰρ
490 3348 541 3394 θεαί
559 3348 622 3394 ἐστε.
