2414 3694
33 3478 94 3506 -ι

122 252 164 313 30
448 252 624 296 Aunurnos
648 253 713 297 Lm.
742 253 786 297 rx.

120 425 171 483 Sic
187 425 237 496 ait,
255 434 286 484 et
301 425 454 484 sublatum
471 426 531 484 alte
547 423 705 502 consurgit
719 424 750 482 in
767 443 882 496 ensem,

118 534 149 583 et
164 525 297 584 mediam
311 526 393 584 ferro
408 525 531 602 gemina
546 525 627 584 inter
641 534 780 601 tempora
794 525 927 584 frontem
1069 539 1114 590 750

118 624 227 683 dividit
243 624 445 701 impubesque
460 624 586 682 immani
601 624 724 684 volnere
737 624 843 683 malas.

120 725 167 782 Fit
183 744 286 796 sonus,
303 724 420 801 ingenti
436 743 587 783 concussa
602 734 650 782 est
665 724 801 800 pondere
816 724 924 784 tellus:

118 825 283 900 conlapsos
298 834 382 882 artus
398 834 490 900 atque
507 843 591 882 arma
605 834 732 882 cruenta
747 825 872 882 cerebro

118 923 226 983 sternit
242 924 325 981 humi
342 925 484 996 moriens
501 934 593 999 atque
609 923 651 981 illi
667 923 806 1000 partibus
822 923 929 1000 aequis

116 1023 177 1083 huc
192 1033 286 1100 caput
301 1033 392 1099 atque
408 1023 479 1081 illuc
495 1042 600 1082 umero
616 1042 653 1082 ex
668 1034 797 1099 utroque
813 1023 970 1100 pependit.
1067 1036 1116 1090 755

118 1123 293 1200 Diffugiunt
308 1123 388 1182 versi
403 1123 524 1199 trepida
537 1122 702 1182 formidine
718 1124 829 1182 Troes:

117 1231 148 1280 et
163 1223 189 1280 si
205 1223 351 1281 continuo
366 1224 512 1282 victorem
527 1241 565 1282 ea
579 1241 652 1281 cura
667 1222 809 1295 subisset,

116 1341 256 1399 rumpere
272 1323 405 1380 claustra
420 1342 514 1381 manu
529 1321 692 1398 sociosque
708 1321 869 1381 immittere
885 1322 990 1399 portiS,

117 1422 240 1481 ultimus
255 1422 305 1481 ille
321 1421 388 1480 dies
403 1423 485 1481 bello
499 1421 646 1499 gentique
660 1421 779 1481 fuisset.

118 1523 179 1581 Sed
194 1523 278 1581 furor
293 1522 452 1581 ardentem
467 1521 634 1598 caedisque
650 1521 760 1580 insana
775 1522 888 1598 cupido
1066 1523 1116 1584 760
1190 1535 1191 1598 j

116 1621 178 1698 egit
193 1621 224 1679 in
241 1622 395 1682 adversos.

117 1721 271 1798 Principio
288 1721 439 1780 Phalerim
454 1730 485 1780 et
500 1721 623 1780 succiso
638 1721 754 1797 poplite
770 1721 878 1800 Gygen

116 1821 246 1897 excipit;
269 1821 341 1880 hinc
356 1831 459 1898 raptas
474 1821 664 1898 fugientibus
680 1820 790 1897 ingerit
804 1821 910 1879 hastas

115 1921 145 1978 in
162 1931 290 1999 tergum,
307 1923 386 1980 Iuno
401 1921 480 1980 vires
497 1922 694 1997 animumque
710 1920 878 1992 ministrat;

116 2020 202 2080 addit
218 2022 332 2099 Halym
349 2021 491 2080 comitem
507 2031 537 2080 et
552 2022 673 2079 confixa
689 2021 812 2098 Phegea
826 2039 941 2097 parma,
1065 2022 1115 2088 765

114 2121 238 2198 ignaros
253 2121 365 2181 deinde
381 2121 412 2178 in
427 2107 521 2180 muris
538 2123 731 2197 Martemque
747 2120 857 2179 cientis

116 2222 364 2297 Alcandrumque
380 2221 567 2298 Haliumque
580 2224 804 2297 Noemonaque
818 2221 1046 2298 Prytanimque.

116 2323 239 2400 Lyncea
254 2321 431 2382 tendentem
447 2330 555 2380 contra
569 2321 732 2397 sociosque
748 2329 909 2379 vocantem

114 2421 246 2480 vibranti
261 2421 365 2498 gladio
381 2420 508 2480 conixus
525 2421 564 2481 ab
580 2439 691 2498 aggere
706 2420 813 2479 dexter

114 2531 244 2598 occupat
254 2521 375 2579 —huic
391 2539 452 2579 uno
467 2521 620 2580 deiectum
636 2521 806 2580 comminus
822 2520 884 2580 ictu
1064 2536 1114 2583 770

114 2640 183 2679 cum
198 2621 288 2699 galea
302 2621 393 2698 longe
409 2620 502 2680 iacuit
517 2630 610 2697 caput
621 2657 663 2664 —
673 2620 745 2679 inde
760 2622 894 2678 ferarum

113 2731 299 2781 vastatorem
315 2724 473 2800 Amycum,
491 2741 552 2798 quo
568 2740 630 2780 non
645 2720 763 2780 felicior
779 2721 855 2778 alter

114 2841 227 2898 ungere
243 2822 305 2882 tela
320 2841 412 2880 manu
427 2822 602 2896 ferrumque
618 2803 734 2879 aimare
750 2839 878 2892 veneno,

114 2931 145 2980 et
161 2921 295 3000 Clytium
310 2921 462 2981 Aeoliden
478 2930 509 2980 et
524 2920 655 2979 amicum
674 2921 807 2980 Crethea
824 2920 933 2992 Musis,

114 3023 247 3081 Crethea
264 3023 422 3081 Musarum
438 3020 588 3093 comitem,
605 3021 654 3079 cui
671 3020 805 3079 carmina
821 3038 943 3096 semper
1062 3033 1113 3086 775

169 3203 226 3250 749.
253 3186 293 3235 Cf.
313 3187 376 3236 XII.
398 3199 460 3249 729:
484 3187 534 3235 alte
550 3187 676 3235 sublatum
696 3188 827 3249 consurgit
848 3186 952 3234 Turnus
969 3187 998 3234 in
1016 3202 1111 3236 ensem.

158 3276 215 3333 7⁶7·
238 3268 407 3319 Transferred
417 3269 486 3317 from
497 3269 527 3316 Il.
538 3269 569 3317 V.
579 3269 642 3330 678:
659 3263 813 3330 Ἄλκανδρόν
830 3260 949 3317 θ”Αλιόν
957 3286 985 3316 τε
994 3269 1112 3329 Νοήμονά

115 3372 140 3399 τε
159 3355 281 3414 Πρίτανίν
298 3371 332 3401 τι.
