2414 3694
414 257 588 303 AENEIDOS
613 259 678 303 LIB.
705 258 748 302 IX.

80 434 179 494 Filius
194 433 266 493 huic
281 442 397 505 contra,
414 441 537 508 torquet
552 432 605 508 qui
621 431 723 491 sidera
738 431 844 491 mundi
859 455 865 490 :

80 536 128 594 ‘O
144 533 292 610 genetrix,
309 553 371 609 quo
386 533 451 591 fata
466 551 566 603 vocas,
585 541 637 590 aut
653 530 727 607 quid
741 531 822 607 petis
838 531 925 590 istis?

81 633 250 692 Mortaline
266 652 359 691 manu
374 633 477 690 factae
493 632 662 690 immortale
677 631 799 690 carinae

79 735 129 792 fas
146 733 290 805 habeant,
308 742 472 809 certusque
488 731 604 791 incerta
619 730 755 807 pericula
771 731 879 790 lustret

80 836 227 892 Aeneas?
273 832 332 892 Cui
347 841 433 891 tanta
448 832 507 890 deo
522 831 673 907 permissa
686 833 846 906 potestas?

81 935 183 992 Immo
199 932 252 991 ubi
268 932 434 991 defunctae
450 932 541 990 finem
558 941 725 1007 portusque
741 930 891 989 tenebunt

81 1033 239 1093 Ausonios
255 1033 337 1104 olim,
355 1050 567 1109 quaecumque
583 1030 716 1090 evaserit
731 1030 830 1103 undis,

83 1133 337 1208 Dardaniumque
353 1132 462 1190 ducem
479 1131 646 1190 Laurentia
660 1130 776 1189 vexerit
792 1148 872 1203 arva,

81 1233 241 1292 mortalem
258 1231 385 1307 eripiam
400 1231 530 1289 formam
547 1229 711 1306 magnique
727 1229 841 1290 iubebo

81 1333 227 1411 aequoris
243 1350 312 1391 esse
327 1332 411 1402 deas,
429 1330 530 1407 qualis
547 1330 660 1389 Nereia
677 1331 760 1389 Doto

81 1444 113 1493 et
128 1434 260 1493 Galatea
275 1442 383 1492 secant
398 1440 592 1507 spumantem
608 1442 733 1507 pectore
749 1431 898 1506 pontum'

83 1534 212 1593 Dixerat
228 1533 320 1608 idque
336 1542 434 1600 ratum
452 1532 548 1610 Stygii
564 1551 619 1608 per
634 1531 760 1590 flumina
775 1531 886 1602 fratris,

81 1654 138 1711 per
153 1634 221 1710 pice
236 1631 381 1692 torrentis
397 1642 523 1708 atraque
540 1631 684 1708 voragine
700 1631 783 1707 ripas

81 1733 200 1804 adnuit,
217 1742 360 1792 ettotam
377 1743 452 1792 nutu
469 1732 638 1791 tremefecit
654 1731 828 1809 Olympum.

126 1832 207 1910 Ergo
223 1833 328 1891 aderat
343 1833 495 1908 promissa
510 1832 577 1891 dies
593 1841 623 1891 et
639 1841 778 1907 tempora
794 1832 909 1889 Parcae

81 1933 189 1993 debita
204 1933 402 2008 complerant,
420 1951 489 1991 curn
505 1933 602 1990 Turni
618 1931 728 1990 iniuria
744 1933 875 1989 Matrem

82 2033 243 2092 admonuit
260 2032 377 2091 ratibus
393 2027 489 2091 sacris
505 2031 658 2108 depellere
673 2017 790 2090 taedas,
855 2021 859 2024 ’

84 2133 148 2192 Hic
163 2132 292 2208 primum
310 2151 390 2190 nova
405 2133 457 2190 lux
472 2132 570 2190 oculis
585 2130 710 2202 offulsit,
728 2141 759 2189 et
775 2130 883 2206 ingens

82 2235 168 2295 visus
183 2237 223 2296 ab
240 2240 360 2296 Aurora
375 2239 493 2297 caelum
509 2248 717 2297 transcurrere
732 2238 856 2298 nimbus

82 2336 232 2414 Idaeique
249 2337 333 2397 chori
347 2362 354 2410 3
377 2348 442 2396 tum
458 2358 516 2397 vox
532 2339 685 2397 horrenda
699 2357 755 2414 per
770 2357 860 2397 auras

81 2436 206 2509 excidit,
223 2447 253 2496 et
269 2439 383 2498 Troum
400 2439 644 2515 Rutulorumque
661 2439 784 2516 agmina
799 2439 952 2514 complet:

83 2538 151 2595 ‘Ne
158 2536 318 2618 trepidate
335 2557 428 2610 meas,
446 2538 566 2608 Teucri,
584 2538 751 2597 defendere
767 2538 864 2609 navis,

81 2655 160 2698 neve
176 2647 291 2696 armate
307 2656 417 2697 manus
431 2660 436 2696 :
460 2637 556 2695 maria
572 2647 643 2699 ante
660 2657 785 2696 exurere
800 2639 907 2696 Turno

81 2755 175 2813 quam
192 2755 295 2796 sacras
311 2737 433 2796 dabitur
448 2737 548 2813 pinus.
593 2739 660 2797 Vos
677 2738 717 2797 ite
733 2738 860 2810 solutae,

81 2837 122 2895 ite
140 2836 219 2894 deae
233 2836 334 2913 pelagi
350 2860 355 2893 :
378 2837 517 2913 genetrix
533 2837 637 2896 iubet.’
682 2839 720 2895 Et
736 2857 791 2896 sua
807 2856 947 2914 quaeque

125 3035 168 3082 93.
192 3017 234 3067 Cf.
246 3019 292 3066 IV.
306 3017 368 3067 268:
389 3020 461 3067 deum
476 3054 482 3066 .
496 3054 501 3065 .
515 3055 520 3064 .
534 3026 659 3083 regnator,
672 3020 769 3067 caelum
782 3036 811 3068 ac
822 3027 906 3069 terras
917 3023 963 3084 qui
975 3022 1080 3068 numine

80 3110 197 3168 torquem
216 3101 290 3160 Ciris,
302 3114 362 3167 520:
377 3103 450 3149 deum
460 3119 513 3159 rex,
524 3105 610 3151 omnia
619 3103 666 3164 qui
674 3105 787 3164 imperio,
797 3110 887 3159 terras,
898 3121 976 3158 mare,
986 3105 1079 3159 sidera,

80 3194 172 3235 uersat.
186 3214 219 3220 —
232 3201 289 3247 103.
313 3185 354 3232 Cf.
373 3186 404 3232 V.
426 3197 489 3249 594:
508 3193 558 3247 per
578 3187 663 3233 maria
687 3188 775 3234 umida
801 3188 886 3235 nando
909 3188 1078 3249 Carpathium

81 3270 253 3332 Libycumque
272 3275 362 3317 secant.
375 3295 408 3303 -
422 3284 478 3329 104.
504 3267 545 3316 Cf.
565 3268 613 3314 VI.
632 3281 696 3331 323:
717 3271 802 3331 Cocyti
824 3277 914 3332 stagna
937 3271 990 3318 alta
1011 3271 1081 3317 vides

81 3353 246 3416 Stygiamque
252 3352 384 3414 paludem,
398 3353 427 3399 di
437 3354 509 3399 cuius
521 3353 611 3399 iurare
622 3352 713 3399 timent
723 3358 748 3399 et
750 3352 849 3414 fallere
861 3369 963 3400 numen.
