2414 3694
96 170 136 230 18
421 185 596 230 nanninus
620 186 686 231 Lm.
713 185 757 230 rx.

94 357 244 417 demisere
260 367 361 434 capnt,
377 357 482 434 pluvia
497 377 565 416 cum
581 359 661 418 forte
675 367 850 435 gravantur.

94 460 136 516 At
152 457 247 516 Nisus
262 458 322 516 ruit
338 459 369 515 in
385 457 504 517 medios
520 459 680 535 solumque
696 475 751 533 per
765 457 867 516 omnis

94 557 276 617 Volcentem
290 558 375 633 petit,
392 557 422 616 in
438 558 504 617 solo
520 557 671 616 Volcente
687 566 829 616 moratur.

95 657 195 731 Quem
215 657 329 717 circum
350 657 511 734 glomerati
533 658 639 717 hostes
660 656 734 716 hinc
754 656 925 716 comminus
946 665 1040 733 atque

177 756 249 815 hinc
699 814 700 818 ,
1040 771 1094 818 440

95 857 283 933 proturbant.
330 861 430 917 Instat
445 876 506 916 non
524 857 619 916 setius
635 876 671 916 ac
686 841 767 916 rotat
781 875 888 916 ensem

94 956 284 1031 fulmineum,
303 958 402 1017 donec
418 956 525 1016 Rutuli
541 957 702 1017 clamantis
717 957 747 1015 in
764 976 817 1016 ore

95 1056 234 1116 condidit
249 1057 388 1130 adverso,
404 1067 435 1116 et
450 1057 583 1116 moriens
599 1057 733 1115 animam
745 1057 877 1116 ‘abstulit
891 1055 982 1116 hosti.

96 1156 175 1214 Tum
191 1174 282 1233 super
297 1157 470 1215 exanimum
487 1176 555 1216 sese
571 1157 700 1234 proiecit
715 1157 846 1215 amicum

96 1257 267 1328 confossus
284 1256 468 1333 placidaque
483 1257 526 1316 ibi
541 1257 664 1316 demum
680 1267 777 1316 morte
794 1257 918 1333 quievit.
1047 1271 1092 1324 t45

139 1355 297 1415 Fortunati
312 1357 420 1425 ambo!
466 1357 499 1416 Si
515 1357 590 1432 quid
605 1376 673 1416 mea
689 1357 826 1415 carmina
839 1367 979 1434 possunt,

96 1456 180 1515 nulla
195 1456 261 1515 dies
277 1476 420 1532 umquam
436 1457 563 1516 memori
579 1476 633 1516 vos
649 1457 762 1516 eximet
777 1476 861 1529 aeva,

97 1556 170 1615 dum
185 1557 295 1615 domus
311 1559 437 1617 Aeneae
454 1556 588 1633 Capitoli
603 1557 759 1617 immobile
775 1576 881 1616 saxum

97 1655 223 1728 accolet,
240 1655 462 1733 imperiumque
478 1667 565 1732 pater
581 1655 741 1716 Romanus
756 1657 893 1717 habebit.

139 1755 279 1815 Victores
295 1757 410 1833 praeda
427 1757 533 1816 Rutuli
549 1757 717 1834 spoliisque
733 1756 821 1834 potiti
1043 1771 1094 1822 450

98 1856 277 1915 Volcentem
293 1857 467 1916 exanimum
482 1858 592 1916 flentes
607 1858 639 1915 in
656 1867 757 1916 castra
771 1857 921 1916 ferebant.

99 1957 165 2014 Nec
181 1955 279 2014 minor
294 1945 326 2014 in
341 1957 449 2017 castris
462 1958 561 2016 luctus
579 1957 753 2016 Rhamnete
769 1966 889 2032 reperto

98 2057 245 2133 exsangui
260 2065 291 2115 et
306 2057 412 2133 primis
429 2077 489 2117 una
504 2067 550 2116 tot
565 2058 661 2116 caede
676 2057 852 2133 peremptis,

100 2157 291 2232 Serranoque
308 2159 480 2233 Numaque.
526 2160 643 2234 Ingens
659 2176 828 2216 concursus
844 2156 883 2215 ad
899 2157 967 2234 ipsa

98 2274 226 2331 corpora
241 2257 467 2333 seminecisque
482 2257 563 2316 viros
579 2258 746 2334 tepidaque
761 2267 917 2316 recentem
1044 2269 1095 2322 455

98 2357 193 2415 caede
205 2356 305 2415 locum
320 2366 350 2416 et
366 2359 474 2434 plenos
490 2358 647 2434 spumanti
663 2357 812 2434 sanguine
827 2357 917 2414 rivos.

99 2459 281 2534 Agnoscunt
296 2457 394 2533 spolia
409 2457 488 2516 inter
504 2477 536 2517 se
552 2459 734 2535 galeamque
750 2457 898 2516 nitentem

100 2556 239 2633 Messapi
255 2567 286 2615 et
301 2557 396 2617 multo
412 2558 554 2635 phaleras
570 2558 683 2618 sudore
698 2567 847 2634 receptas

142 2657 251 2714 Etiam
267 2657 364 2732 prima
380 2677 459 2717 novo
475 2658 641 2734 spargebat
655 2657 771 2717 lumine
786 2666 890 2716 terras.

98 2839 145 2886 illa
160 2847 306 2902 gravatum,
326 2856 369 2889 nec
386 2856 411 2888 se
427 2843 576 2898 sustineant,
595 2846 750 2903 spectentque
772 2839 902 2888 cacumine
923 2843 1035 2885 terram:
1058 2840 1095 2886 sic

97 2923 179 2970 voltus
197 2925 307 2972 moriens
325 2926 394 2980 iacet,
407 2931 431 2972 et
446 2925 539 2988 defecta
558 2925 643 2986 vigere
660 2925 715 2985 ipsa
733 2923 782 2971 sibi
798 2930 835 2971 ert
845 2922 918 2970 oneri
927 2923 1015 2969 cervix
1028 2937 1096 2969 ume-

99 3021 176 3068 roque
187 3008 414 3072 recumbit-453,
425 3008 505 3058 caede
516 3007 673 3072 peremptis.
702 3006 743 3054 Cf.
755 3007 801 3053 VI.
813 3005 859 3070 163
871 3023 876 3054 :
895 3012 974 3053 morte
980 3012 1096 3068 peremp

97 3095 261 3154 turn—459,
275 3095 332 3152 4⁶0·
371 3090 504 3153 Repeated
519 3091 587 3138 from
605 3091 651 3138 IV.
672 3089 726 3155 584,
747 3087 808 3154 5853
826 3089 974 3153 spargebat
991 3088 1096 3139 lumine

98 3173 184 3222 terras
204 3209 210 3221 .
231 3210 237 3222 .
259 3209 265 3222 .
284 3173 391 3224 Aurora.
436 3174 477 3222 Cf.
498 3174 561 3222 XII.
583 3186 647 3237 113:
665 3173 797 3235 spargebat
811 3173 910 3220 lumine
927 3178 1023 3219 mantes
1040 3178 1095 3220 orta

100 3256 157 3302 dies.

110 3367 199 3388 ⁴-
