2414 3694
111 215 130 274 8
439 228 612 272 Anxurnos
638 229 702 272 mn.
730 229 774 273 rx.

154 402 243 460 Haec
259 420 352 477 super
367 420 383 459 e
399 401 479 460 vallo
496 409 692 477 prospectant
707 401 805 459 Troes
820 408 851 458 et
866 398 958 458 armis

110 502 173 560 alta
188 510 304 573 tenent,
322 520 380 559 nec
396 520 458 560 non
473 500 585 576 trepidi
600 500 764 559 formidine
780 509 885 575 portas

111 601 280 678 explorant,
296 601 460 677 pontisque
477 610 508 658 et
522 600 753 677 propugnacula
770 601 909 676 iungunt,
1064 612 1113 659 170

111 702 173 760 tela
188 709 306 778 gerunt.
353 703 475 760 Instant
493 700 677 760 Mnestheus
693 718 824 775 acerque
841 701 990 771 Serestus,

112 819 191 877 quos
207 809 294 876 pater
310 803 442 872 AeneaS,
460 799 486 858 si
502 801 626 875 quando
642 800 772 858 adversa
786 808 940 872 vocarent,

112 909 247 960 rectores
263 900 406 959 iuvenum
422 909 454 958 et
469 917 569 958 rerum
585 899 671 957 dedit
686 917 755 957 esse
770 899 942 977 magistros

113 999 224 1060 Omnis
239 1019 294 1075 per
309 1017 411 1058 muros
428 997 508 1076 legio
524 999 632 1057 sortita
646 999 794 1075 periclum

113 1100 246 1159 excubat
261 1108 442 1175 exercetque
458 1098 550 1170 vices,
568 1099 652 1174 quod
668 1099 778 1174 cuique
793 1099 941 1158 tuendum
956 1108 1012 1158 est.
1063 1111 1113 1164 175

156 1198 250 1258 Nisus
266 1208 330 1257 erat
346 1207 453 1274 portae
469 1207 583 1270 custos,
601 1199 767 1257 acerrimus
783 1199 883 1270 armis,

116 1298 311 1376 Hyrtacides,
328 1298 470 1357 comitem
487 1300 612 1356 Aeneae
628 1315 719 1373 quem
736 1297 860 1357 miserat
876 1299 933 1358 Ida

114 1399 253 1456 venatrix
268 1396 370 1456 iaculo
386 1397 517 1457 celerem
533 1397 714 1474 levibusque
730 1397 851 1475 sagittis
864 1422 870 1470 ;

115 1507 146 1556 et
162 1498 244 1558 iuxta
260 1516 363 1557 comes
380 1497 537 1576 Euryalus,
554 1516 615 1573 quo
631 1497 786 1573 pulchrior
801 1498 878 1557 alter

115 1597 250 1657 nonfuit
266 1599 447 1658 Aeneadum
463 1597 599 1656 Troiana
614 1616 714 1673 neque
730 1597 830 1657 induit
846 1617 938 1672 arma,
1063 1597 1113 1648 180

115 1717 168 1756 ora
183 1717 258 1774 puer
274 1699 372 1775 prima
387 1698 514 1775 signans
530 1697 654 1757 intonsa
669 1697 801 1756 iuventa.

116 1797 177 1856 His
192 1817 277 1857 amor
291 1817 370 1857 unus
386 1808 459 1870 erat,
476 1797 650 1874 pariterque
666 1797 698 1854 in
712 1797 794 1856 bella
806 1798 950 1857 ruebant:

115 1907 180 1956 turn
195 1916 319 1974 quoque
334 1897 489 1957 communi
505 1907 624 1973 portam
641 1897 773 1956 statione
789 1898 945 1957 tenebant.

117 1997 212 2056 Nisus
228 1997 286 2056 ait:
312 1997 410 2056 ‘Dine
426 1998 508 2056 hunc
524 1998 664 2056 ardorem
679 1998 834 2057 mentibus
850 1997 976 2070 addunt,

118 2097 254 2176 Euryale,
273 2116 311 2155 an
327 2115 384 2156 sua
399 2096 510 2173 cuique
526 2097 603 2156 deus
618 2097 653 2155 fit
668 2097 734 2155 dira
749 2097 883 2173 cupido?
1066 2097 1112 2164 185

117 2199 180 2254 Aut
194 2215 329 2274 pugnam
345 2205 397 2255 aut
413 2195 528 2272 aliquid
544 2195 722 2255 iamdudum
738 2196 883 2256 invadere
899 2215 1043 2275 magnum

90 2365 92 2369 Ι
116 2314 202 2355 mens
219 2296 314 2374 agitat
329 2296 412 2368 mihi,
429 2314 488 2355 nec
502 2295 626 2372 placida
641 2305 786 2356 contenta
802 2296 904 2372 quiete
916 2275 975 2357 est.

118 2395 226 2456 Cernis
243 2414 321 2472 quae
339 2396 471 2456 Rutulos
487 2396 601 2456 habeat
615 2396 729 2456 fiducia
743 2415 852 2455 rerum.

117 2495 247 2554 Lumina
263 2515 330 2554 rara
345 2495 478 2567 micant3
503 2515 612 2556 somno
628 2497 760 2573 vinoque
777 2496 869 2556 soluti

115 2596 305 2672 procubuere
318 2619 324 2669 ;
348 2597 440 2656 silent
455 2597 515 2656 late
531 2598 618 2656 loca:
641 2596 766 2674 percipe
781 2616 871 2673 porro
1065 2613 1112 2662 190

116 2695 190 2771 quid
206 2696 345 2756 dubitem
361 2705 391 2756 et
407 2715 485 2772 quae
501 2716 583 2756 nunc
600 2696 702 2756 animo
717 2697 872 2757 sententia
886 2708 999 2776 surgat.

117 2798 245 2854 Aenean
261 2795 353 2856 acciri
369 2814 485 2867 omneS,
502 2797 695 2874 populusque
712 2807 885 2873 patresque,

116 2906 288 2972 exposcunt
303 2895 443 2972 mittique
459 2895 550 2968 viros,
568 2897 620 2972 qui
636 2906 719 2956 certa
734 2906 897 2973 reportent.

118 2994 158 3067 Si,
175 2995 232 3055 tibi
247 3014 326 3073 quae
342 3015 445 3073 poscO,
462 2995 695 3072 promittunt—
705 3015 775 3054 nam
792 2996 865 3055 mihi
879 2997 956 3056 facti

162 3169 218 3214 181.
244 3163 286 3212 Cf.
293 3163 372 3211 VIII.
384 3162 430 3212 160
438 3181 443 3210 :
450 3165 541 3225 prima
546 3179 626 3227 genas
634 3164 738 3213 vestibat
738 3164 807 3226 flore
815 3166 939 3213 iuventas.
949 3193 982 3200 —
992 3170 1049 3230 188,
1059 3167 1113 3216 Ru-

115 3246 188 3298 tulos
200 3248 300 3298 habeat
311 3246 410 3298 fiducia
421 3260 518 3298 rerum.
555 3245 596 3294 cf.
611 3247 631 3292 Ι.
647 3261 709 3310 132:
733 3248 848 3296 Tantane
862 3263 905 3295 vos
917 3251 1020 3311 genem's
1031 3251 1114 3298 tenuit

116 3328 216 3390 fiducia
227 3331 324 3380 vestri?
332 3359 366 3367 -
376 3346 433 3392 191.
456 3328 497 3378 CI.
509 3329 529 3376 Ι.
541 3328 604 3396 582:
621 3345 686 3393 quae
698 3339 767 3378 nunt
777 3331 865 3378 antino
876 3332 999 3380 sententia
1011 3333 1112 3397 surgit?

85 3446 173 3464 Α
