2414 3694
439 243 613 288 AENEIDOS
638 243 702 288 LlB.
730 243 773 287 IX.

107 417 272 494 Tympana
286 435 342 475 vos
358 417 519 492 buxusque
535 426 626 475 vocat
642 414 823 494 Berecyntia
839 415 950 475 Matris

109 516 244 575 Idaeae:
268 515 358 575 sinite
376 535 459 574 arma
474 516 547 576 viris
563 524 594 576 et
609 517 709 576 cedite
724 517 825 576 ferro!

150 615 241 674 Talia
256 615 422 675 iactantem
438 616 528 676 dictis
544 636 581 675 ac
596 617 663 675 dira
678 625 840 676 canentem

109 735 173 774 non
188 715 258 775 tulit
274 716 436 788 Ascanius,
454 735 610 793 nervoque
625 717 775 776 obversus
790 716 904 792 equino

108 816 270 874 contendit
285 816 388 888 telum,
407 816 589 892 diversaque
606 816 751 875 bracchia
767 816 883 874 ducens

108 915 256 988 constitit,
274 925 344 975 ante
362 919 468 976 Iovem
484 917 614 992 supplex
629 935 684 992 per
698 925 770 976 vota
784 924 942 992 precatus:

109 1015 268 1092 ‘Iuppiter
283 1016 487 1093 omnipotens
506 1016 677 1076 audacibus
693 1016 795 1075 adnue
810 1016 935 1092 coeptis.

110 1116 183 1192 Ipse
198 1115 255 1174 tibi
272 1116 312 1174 ad
326 1126 379 1176 tua
393 1117 509 1193 templa
523 1117 620 1175 feram
637 1115 798 1175 sollemnia
813 1114 904 1188 dona,

108 1225 140 1274 et
155 1224 288 1274 statuam
305 1226 376 1275 ante
392 1235 460 1276 aras
478 1226 583 1275 aurata
597 1217 700 1275 fronte
716 1215 877 1274 iuvencum

108 1316 293 1375 candentem
308 1318 481 1393 pariterque
498 1326 590 1393 caput
606 1334 674 1374 cum
691 1324 787 1374 matre
802 1315 962 1388 ferentem,

108 1415 170 1473 iam
185 1434 281 1474 cornu
296 1427 383 1492 petat
397 1427 428 1476 et
441 1417 573 1493 pedibus
589 1417 642 1494 qui
659 1425 782 1493 spargat
797 1416 963 1475 harenam’

109 1514 218 1573 Audiit
233 1525 264 1574 et
278 1516 356 1574 caeli
371 1517 500 1576 Genitor
515 1517 553 1576 de
568 1526 655 1593 parte
671 1534 781 1575 serena

108 1614 242 1674 intonuit
257 1615 386 1689 laevum,
403 1626 493 1676 sonat
508 1635 570 1674 una
585 1616 689 1675 fatifer
704 1633 810 1674 arcus:

108 1714 217 1791 effugit
232 1714 418 1775 horrendum
434 1716 568 1776 stridens
584 1717 719 1775 adducta
735 1716 855 1792 sagitta,

107 1832 223 1891 perque
240 1825 332 1891 caput
348 1817 470 1876 Remuli
484 1817 569 1877 venit
585 1827 615 1876 et
630 1835 706 1876 cava
721 1825 861 1892 tempora
875 1816 957 1876 ferro

107 1914 217 1974 traicit.
263 1917 306 1987 64Ι,
322 1916 424 1975 verbis
439 1916 582 1977 virtutem
597 1917 702 1975 inlude
718 1916 878 1993 superbis!

108 2013 161 2073 Bis
177 2015 260 2091 capti
276 2016 412 2094 Phryges
427 2017 504 2076 haec
521 2016 645 2076 Rutulis
660 2035 809 2093 responsa
823 2017 1002 2077 remittunt!

109 2115 182 2173 Hoc
197 2123 315 2175 tantum
333 2116 493 2176 Ascanius.
540 2117 652 2177 Teucri
667 2116 800 2177 clamore
816 2126 987 2193 sequuntur

106 2213 286 2291 laetitiaque
300 2216 435 2275 fremunt
450 2216 631 2292 animosque
647 2217 687 2276 ad
703 2217 805 2276 sidera
820 2217 941 2277 tollunt.

108 2315 257 2374 Aetheria
272 2324 336 2374 tum
351 2317 430 2376 forte
445 2317 536 2393 plaga
551 2317 678 2376 crinitus
695 2316 808 2393 Apollo

106 2416 240 2491 desuper
256 2416 410 2475 Ausonias
427 2416 509 2477 acies
526 2418 693 2492 urbemque
709 2416 843 2489 videbat,

107 2516 190 2573 nube
206 2517 327 2589 sedens,
345 2525 437 2593 atque
451 2517 500 2576 his
516 2517 664 2600 victorem
680 2517 803 2576 adfatur
818 2517 934 2576 Iulum:

107 2617 231 2674 ‘Macte
247 2635 328 2676 nova
342 2616 460 2688 virtute,
477 2637 570 2693 puer:
594 2617 638 2676 sie
653 2617 714 2677 itur
729 2618 769 2676 ad
784 2626 874 2691 astra,

106 2714 155 2774 dis
170 2715 274 2792 genite
289 2727 321 2777 et
333 2716 473 2793 geniture
486 2718 571 2777 deos.
618 2720 688 2778 Iure
704 2717 808 2777 omnia
821 2717 904 2777 bella

73 2867 77 2874 .
105 2824 199 2891 gente
215 2816 273 2875 sub
289 2816 434 2876 Assaraci
448 2818 514 2876 lato
530 2827 659 2877 ventura
675 2817 819 2892 resident,

106 2924 210 2974 necte
225 2915 319 2974 Troia
333 2915 435 2992 capit!
481 2916 577 2976 Simul
594 2918 671 2976 haec
686 2917 798 2977 effatus
814 2918 853 2976 ab
869 2916 931 2976 alto

151 3085 211 3132 620.
232 3080 275 3130 Cf.
285 3078 348 3131 v11.
358 3096 407 3144 444
418 3100 424 3130 :
441 3083 504 3132 bella
517 3085 571 3132 viri
576 3090 715 3147 pacemque
722 3091 823 3149 gerant,
833 3086 892 3149 quis
903 3085 967 3133 bella
975 3084 1087 3149 gerenda
1090 3100 1101 3141 ;

106 3164 157 3214 Od.
172 3165 192 3212 Ι.
206 3177 221 3229 3
225 3163 255 3230 58
265 3183 271 3214 :
283 3167 352 3224 μῦθος
362 3161 385 3214 δ’
397 3167 511 3228 ἄνδρεσσι
522 3168 624 3226 μελήσει
633 3169 701 3216 πᾶσι.
712 3195 745 3204 -
753 3172 811 3230 624.
832 3166 872 3216 Cf.
882 3167 929 3216 IV.
937 3181 998 3228 204:
1010 3169 1106 3216 dicitur
1185 3223 1192 3232 ·

106 3249 247 3298 ...multa
265 3249 349 3298 lovem
368 3251 487 3299 manibus
503 3251 610 3313 supplex
628 3266 712 3300 orasse
728 3252 947 3314 napinam-629.
970 3249 1105 3314 Repeated

103 3331 172 3381 from
186 3333 231 3381 Ec.
247 3333 297 3380 ΙΙΙ.
310 3331 351 3394 87.
