2414 3694
423 225 606 270 AENEIDOS
631 225 695 270 LlB.
724 225 767 271 lX.

90 401 231 473 Dixerat,
248 409 279 459 et
294 409 360 460 toto
376 399 504 459 conixus
519 418 648 476 corpore
663 399 777 457 ferrum

89 499 228 560 conicit:
251 500 340 559 hasta
355 501 463 558 volans
479 499 581 558 noctis
597 498 756 568 diveberat
772 499 904 572 umbras,

90 609 122 658 et
136 599 224 658 venit
239 599 361 658 adversi
377 599 409 661 in
424 609 543 675 tergum
561 597 725 670 Sulmonis,
743 597 846 676 ibique

89 698 243 776 frangitur
259 719 296 758 ac
310 699 383 758 fisso
399 699 510 759 transit
525 698 705 774 praecordia
720 697 811 774 ligno

91 797 233 858 Volvitur
248 799 299 857 ille
317 817 444 858 vomens
460 798 593 858 calidum
616 797 655 857 de
671 808 794 874 pectore
810 797 922 858 flumen

90 898 231 975 frigidus,
248 908 280 958 et
296 898 396 976 longis
413 898 599 975 singultibus
615 897 665 955 ilia
681 897 792 974 pulsat.
1040 912 1089 964 4¹5

93 997 217 1058 Diversi
232 998 491 1075 circumspiciunt.
527 999 609 1063 ,Hoc
624 997 723 1056 acrior
738 993 820 1058 idem

92 1117 166 1158 ecce
182 1098 264 1157 aliud
280 1117 399 1157 summa
409 1099 508 1157 telum
526 1097 658 1157 librabat
674 1097 713 1156 ab
730 1117 810 1156 aure.

95 1200 178 1257 Dum
193 1199 356 1275 trepidant,
374 1199 397 1257 it
412 1198 500 1257 hasta
516 1199 603 1275 Tago
618 1200 673 1275 p'er
688 1207 811 1275 tempus
827 1207 989 1275 utrumque

93 1297 237 1371 stridens,
253 1299 442 1374 traiectoque
458 1297 558 1357 haesit
574 1298 730 1374 tepefacta
744 1298 880 1357 cerebro

95 1398 200 1458 Saevit
215 1408 301 1458 atrox
316 1399 460 1471 Volcens,
477 1417 534 1457 nec
549 1397 602 1456 teli
618 1397 770 1474 conspicit
786 1415 915 1474 usquam
1041 1411 1089 1457 420

93 1508 261 1572 auctorem,
278 1517 335 1558 nec
351 1518 413 1575 quo
429 1517 462 1558 se
478 1499 591 1557 ardens
607 1497 770 1557 immittere
786 1497 893 1574 possit.

95 1600 162 1657 ‘Tu
176 1608 280 1658 tamen
296 1598 414 1658 interea
428 1599 529 1658 calido
546 1598 619 1657 mihi
635 1598 786 1675 sanguine
801 1617 919 1675 poenas

92 1699 253 1775 persolves
269 1699 447 1770 amborum,'
464 1698 583 1774 inquit3
608 1697 697 1758 simul
714 1716 788 1757 ense
803 1698 924 1758 recluso

93 1798 159 1858 ibat
174 1798 206 1856 in
224 1798 396 1877 Euryalum.
440 1799 520 1857 Tum
536 1817 608 1857 vero
623 1797 794 1870 exterritus,
811 1816 917 1856 amens

93 1899 268 1958 conclamat
283 1899 388 1971 Nisus,
405 1916 463 1957 nec
479 1917 512 1959 se
528 1900 627 1958 celare
642 1898 778 1958 tenebris
1041 1911 1089 1963 4²5
1166 1934 1168 1938 ·

94 1999 226 2076 amplius
242 2009 295 2057 aut
310 2008 429 2057 tantum
444 1999 544 2074 potuit
559 1999 693 2074 perferre
709 1999 854 2057 dolorem.

96 2100 177 2171 ίΜε,
194 2100 413 2158 me-adsum
429 2097 481 2175 qui
496 2098 556 2157 feci
566 2134 606 2142 -
616 2098 647 2156 in
664 2118 712 2156 me
728 2097 898 2158 convertite
915 2097 1035 2168 ferrum,

93 2218 113 2256 o
130 2198 246 2270 Rutuli,
263 2217 331 2257 mea
346 2199 430 2257 fraus
445 2199 562 2270 omnis;
587 2198 662 2256 nihil
678 2198 735 2258 iste
748 2217 806 2258 nec
821 2217 914 2258 ausus

95 2317 153 2357 nec
168 2298 276 2375 potuit,
293 2298 411 2357 caelum
427 2299 486 2356 hoc
501 2307 532 2356 et
547 2299 671 2358 conscia
686 2298 787 2358 sidera
802 2307 915 2368 testor;

94 2406 216 2457 tantum
232 2397 384 2457 infelicem
400 2397 527 2457 nimium
543 2397 649 2457 dilexit
665 2398 817 2458 amicum’
1041 2410 1090 2460 430

95 2497 184 2556 Talia
200 2498 283 2557 dicta
298 2498 409 2569 dabat;
432 2498 488 2556 sed
504 2498 619 2556 viribus
634 2499 718 2557 ensis
734 2500 862 2557 adactus

94 2598 257 2657 transabiit
273 2608 375 2656 costas
391 2607 421 2656 et
437 2598 572 2656 candida
587 2607 714 2674 pectora
729 2598 849 2674 rumpit.

95 2697 239 2757 Volvitur
256 2698 404 2776 Euryalus
420 2698 490 2768 leto,
508 2698 716 2774 pulchrosque
731 2717 786 2774 per
802 2706 886 2756 artus

95 2797 118 2856 it
134 2816 231 2870 eruor,
248 2798 340 2873 inque
356 2815 479 2856 umeros
495 2797 597 2861 cervix
613 2798 761 2874 conlapsa
777 2796 927 2856 recumbit
943 2819 948 2852 :

95 2917 266 2974 purpureus
282 2897 376 2956 veluti
392 2916 461 2956 cum
476 2897 533 2956 llos
549 2898 688 2957 succisus
705 2907 804 2957 aratro
1042 2909 1090 2961 435
1183 2943 1184 2946 =

95 2997 266 3074 languescit
281 2997 422 3068 moriens,
440 2997 562 3056 lassove
578 3015 733 3074 papavera
748 2997 827 3056 collo

128 3146 188 3193 410.
208 3130 250 3179 Cf.
259 3131 290 3178 V.
304 3130 366 3190 641:
379 3132 462 3193 ignem
477 3165 482 3176 .
502 3165 507 3176 .
527 3165 532 3176 .
545 3132 637 3178 conixa
647 3138 760 3179 coruscat
766 3137 790 3178 et
798 3132 1029 3192 tacit—434-437.
1050 3129 1091 3178 Cf.

95 3213 172 3262 ovid.
192 3214 260 3270 Met.
280 3215 313 3262 X.
335 3227 381 3277 190
393 3230 399 3260 :
422 3214 456 3261 Ut
467 3214 491 3260 si
502 3215 559 3277 quis
571 3215 652 3262 violas
663 3217 769 3276 regnove
775 3221 891 3276 papaver
903 3215 931 3260 in
944 3214 1015 3261 horto
1026 3215 1092 3262 lilia-

94 3314 143 3360 que
156 3297 286 3360 insringat
297 3297 385 3360 fulvis
400 3297 531 3344 haerentia
547 3299 636 3359 virgis,
650 3299 764 3346 marcida
777 3299 913 3346 demittant
924 3298 1003 3345 subito
1018 3303 1094 3358 caput
