2414 3694
104 213 146 260 22
430 217 604 262 AENEIDOS
628 217 694 262 LIB.
720 217 767 261 IX.

103 387 134 445 in
149 397 268 464 partem
284 407 362 464 quae
376 398 465 465 peste
480 399 572 461 caret,
588 400 653 448 tum
669 391 805 466 pondere
820 391 912 448 turris

103 488 266 563 procubuit
281 488 391 560 subito,
408 498 440 548 et
453 489 573 548 caelum
587 499 675 548 tonat
688 509 780 549 omne
793 491 924 567 fragore.

105 588 281 647 Semineces
297 589 337 646 ad
351 598 470 662 terram,
488 589 613 646 immani
628 590 708 648 mole
723 599 838 662 secuta,

102 689 276 764 confixique
291 687 355 747 suis
370 688 439 748 telis
455 698 486 747 et
500 699 626 765 pectora
641 690 719 748 duro

102 788 267 847 transfossi
281 787 365 865 ligno
380 788 516 848 veniunt.
561 789 621 846 Vix
636 809 716 848 unus
733 789 873 849 Helenor

103 897 135 946 et
149 890 251 966 Lycus
265 888 372 964 elapsi.
416 889 555 962 Quorum
569 889 745 965 primaevus
761 889 909 962 Helenor,

105 987 252 1046 Maeonio
267 989 332 1065 regi
346 1007 438 1064 quem
453 1007 541 1048 serva
557 988 717 1067 Licymnia
732 989 837 1048 furtim

103 1088 278 1160 sustulerat,
294 1087 459 1164 vetitisque
475 1089 515 1146 ad
529 1087 655 1147 Troiam
668 1088 795 1148 miserat
809 1089 909 1162 armis,

103 1206 177 1246 ense
193 1187 269 1246 levis
285 1188 369 1246 nudo
383 1207 550 1264 parmaque
565 1187 714 1265 inglorius
730 1188 802 1247 alba
812 1213 819 1261 ;
830 1225 873 1232 -

103 1286 191 1363 isque
206 1287 259 1346 ubi
274 1307 308 1347 se
323 1288 421 1346 Turni
435 1287 537 1347 media
552 1288 633 1347 inter
646 1288 729 1346 milia
744 1289 829 1362 vidit,

103 1386 176 1445 hinc
190 1387 273 1447 acies
289 1398 380 1464 atque
395 1388 467 1446 hinc
482 1387 565 1468 acies
580 1397 681 1447 astare
697 1388 842 1450 Latinas:
870 1415 872 1424 ‚

106 1497 138 1546 ut
150 1488 226 1560 fera,
242 1507 321 1564 quae
338 1489 435 1547 densa
450 1497 617 1548 venantum
632 1473 741 1565 saepta
755 1508 871 1548 corona

104 1597 211 1646 contra
225 1588 287 1646 tela
301 1588 383 1660 furit,
401 1606 531 1664 seseque
547 1588 632 1647 haud
646 1588 752 1647 nescia
766 1589 856 1649 morti

104 1687 198 1759 inicit,
215 1698 246 1747 et
260 1687 340 1746 saltu
355 1706 447 1764 supra
462 1687 614 1747 venabula
629 1687 732 1760 fertur,

104 1787 188 1845 haud
203 1787 290 1846 aliter
305 1787 425 1846 iuvenis
440 1787 558 1847 medios
574 1788 738 1847 moriturus
753 1789 785 1846 in
800 1788 899 1848 hostis

104 1887 204 1960 inruit,
221 1897 252 1946 et
267 1907 328 1963 qua
343 1887 405 1946 tela
419 1887 504 1946 videt
519 1887 702 1946 densissima
718 1888 825 1948 tendit.

104 1989 146 2046 At
161 1987 292 2063 pedibus
308 1988 398 2064 longe
410 1987 517 2046 melior
532 1990 633 2065 Lycus
648 1987 727 2047 inter
742 1997 772 2047 et
788 1987 887 2047 hostis

103 2086 183 2145 inter
198 2096 229 2146 et
244 2106 328 2144 arma
342 2088 416 2164 luga
431 2105 534 2146 muros
549 2096 643 2160 tenet,
660 2087 782 2163 altaque
798 2096 897 2152 certat

104 2188 254 2262 prendere
270 2197 352 2246 tecta
366 2206 458 2244 manu
475 2187 654 2262 sociumque
670 2187 820 2264 attingere
836 2187 970 2246 dextras,

105 2287 205 2360 Quem
221 2288 352 2359 Turnus,
369 2287 484 2364 pariter
499 2306 590 2345 cursu
605 2287 729 2363 teloque
745 2297 876 2359 secutuS,

104 2386 243 2463 increpat
257 2386 306 2445 his
321 2387 435 2445 victor:
461 2389 648 2446 ‘Nostrasne
663 2388 803 2458 evadere,
820 2387 956 2460 demenS,
1054 2385 1105 2451 5⁶0

104 2487 235 2562 sperasti
249 2496 280 2545 te
295 2505 388 2563 posse
403 2505 513 2546 manus
524 2489 553 2546 ?'
599 2487 694 2546 Simul
710 2486 822 2563 adripit
837 2487 937 2563 ipsum

103 2587 289 2663 pendentem
305 2595 335 2644 et
350 2605 462 2663 magna
478 2587 554 2645 muri
571 2607 637 2646 curn
655 2596 741 2663 parte
757 2586 883 2645 revellit.

48 2683 51 2691 ’
105 2686 214 2760 Qualis
230 2686 283 2745 ubi
299 2696 350 2745 aut
365 2687 500 2762 leporem
516 2697 569 2746 aut
584 2687 729 2746 candenti
745 2706 871 2763 corpore
887 2705 1017 2764 cycnum

104 2786 227 2846 sustulit
242 2786 304 2845 alta
319 2796 429 2863 petens
444 2787 576 2863 pedibus
592 2787 675 2846 Iovis
692 2787 821 2864 armiger
836 2786 933 2858 unciS,

104 2886 277 2963 quaesitum
293 2895 345 2945 aut
360 2886 447 2946 matri
463 2887 567 2946 multis
582 2887 736 2946 balatibus
753 2906 864 2964 agnum
1055 2885 1103 2953 565

148 3067 207 3120 541,
226 3054 330 3105 caelum
347 3053 426 3104 tonat
444 3065 522 3104 omne
539 3051 654 3117 fragore.
691 3053 732 3102 Cf.
750 3053 813 3102 XII.
832 3065 891 3117 757:
915 3054 1012 3101 caelum
1032 3059 1105 3103 tonat

103 3153 176 3186 omne
187 3139 307 3186 tumultu.
318 3165 351 3173 -
359 3150 419 3200 554.
444 3136 484 3185 Cf.
497 3137 549 3186 line
562 3151 625 3197 400:
643 3154 693 3186 sese
710 3139 803 3186 medios
820 3138 963 3184 moriturus
978 3139 1007 3184 irr
1024 3137 1104 3186 hostis

103 3222 261 3287 inferatl-
270 3226 327 3285 564.
354 3220 395 3269 Cf.
409 3221 440 3268 V.
455 3235 467 3268 2
472 3233 517 3285 54:
535 3236 607 3284 quem
621 3227 728 3282 praepes
744 3220 775 3267 ab
786 3220 835 3268 Ida
849 3221 981 3268 sublimem
994 3222 1104 3283 pedibus

65 3306 193 3388 wit
203 3306 272 3354 Ievis
282 3306 396 3368 armiger
408 3305 488 3353 uncis.
