2414 3694
134 195 151 238 2
461 197 634 240 AENEIDOS
659 198 722 242 LIB.
750 199 794 244 IX.

38 451 42 459 .
133 369 227 441 Dixit,
245 378 275 427 et
291 369 322 426 in
338 370 456 427 caelum
472 371 599 446 paribus
615 390 648 429 se
664 373 788 431 sustulit
803 373 868 447 alis,
935 369 938 374 ’

132 469 350 545 ingentemque
365 470 438 546 iuga
453 470 552 529 secuit
567 470 624 529 sub
640 471 774 531 nubibus
790 492 902 532 arcum.

133 569 267 646 Agnovit
282 568 410 642 iuvenis,
428 569 619 646 duplicisque
636 571 675 629 ad
691 571 792 630 sidera
807 574 926 649 palmas

132 668 264 741 sustulit,
282 688 317 727 ac
332 668 386 727 tali
401 669 570 746 fugientem
586 680 633 728 est
648 689 723 729 voce
740 681 880 731 secutus:

134 768 202 842 ‘Iri‚
219 769 314 828 decus
330 769 416 841 caeli,
433 768 501 844 quis
517 779 547 828 te
563 770 638 826 mihi
653 770 787 830 nubibus
803 782 902 831 actam

133 869 242 928 detulit
258 870 289 927 in
305 872 423 929 terras?
468 870 561 928 Unde
577 871 654 929 haec
669 880 733 929 tam
749 872 831 931 clara
845 883 972 949 repente
1012 893 1015 910 ’

132 972 320 1045 tempestas?
366 969 506 1029 Medium
521 969 611 1030 video
627 970 786 1030 discedere
802 973 921 1032 caelum

132 1069 326 1146 palantisque
341 1071 413 1142 polo
429 1070 542 1128 stellas.
590 1071 708 1146 Sequor
723 1071 826 1129 omina
841 1081 937 1145 tanta,

133 1169 273 1246 quisquis
289 1170 320 1226 in
337 1188 420 1227 arma
435 1171 548 1228 vocas?
594 1172 632 1228 Et
647 1169 692 1229 sic
708 1171 818 1230 effatus
835 1172 874 1230 ad
889 1174 1002 1232 undam

122 1251 283 1346 'processit
298 1287 478 1344 summoque
495 1269 597 1328 hausit
613 1269 651 1327 de
666 1271 784 1347 gurgite
800 1272 948 1349 lymphas,

133 1370 228 1428 multa
244 1370 319 1429 deos
334 1388 434 1440 orans,
452 1368 653 1445 oneravitque
668 1369 792 1428 aethera
807 1371 896 1431 votis

176 1472 303 1546 Iamque
319 1469 418 1528 omnis
436 1469 553 1544 campis
569 1469 720 1528 exercitus
736 1469 800 1529 ibat
816 1471 937 1547 apertis,

134 1570 220 1629 dives
235 1589 357 1646 equum,
374 1569 460 1629 dives
475 1568 569 1644 pictai
584 1569 680 1628 vestis
695 1579 725 1628 et
740 1570 824 1643 auri;

135 1671 300 1745 Messapus
315 1668 428 1746 primas
444 1670 535 1741 acies,
552 1681 707 1746 postrema
721 1681 864 1730 coercent

133 1770 302 1847 Tyrrhidae
318 1769 453 1842 iuvenes,
471 1770 574 1828 medio
590 1770 652 1829 dux
667 1771 788 1848 agmine
803 1772 928 1830 Turnus

133 1869 259 1928 vertitur
274 1888 357 1927 arma
374 1879 491 1941 tenens,
510 1879 541 1928 et
556 1879 621 1928 toto
637 1871 750 1930 vertice
766 1890 858 1947 supra
873 1880 936 1944 est;

134 1988 191 2028 ceu
206 1978 323 2048 septem
340 1987 467 2046 surgens
483 1969 598 2028 sedatis
614 1970 756 2029 amnibus
772 1972 850 2030 altus

133 2092 188 2148 per
203 2075 329 2134 tacitum
346 2077 480 2154 Ganges,
499 2089 550 2137 aut
566 2077 672 2155 pingui
687 2077 811 2135 flumine
828 2074 918 2134 Nilus

133 2191 202 2231 curn
218 2175 318 2234 refluit
334 2178 450 2252 campis
467 2188 497 2236 et
512 2178 572 2236 iam
589 2197 621 2238 se
637 2176 776 2236 condidit
790 2176 885 2234 alve0.

136 2279 197 2338 Hic
213 2279 345 2338 subitam
361 2280 447 2356 nigro
462 2279 622 2356 glomerari
637 2279 762 2354 pulvere
778 2278 892 2336 nubem

79 2429 83 2447 ,
134 2380 325 2456 prospiciunt
340 2380 458 2451 Teucri,
477 2398 513 2438 ac
528 2379 671 2438 tenebras
687 2378 844 2453 insurgere
861 2375 986 2452 campis.

135 2480 254 2538 Primus
270 2481 308 2538 ab
325 2481 452 2540 adversa
468 2481 640 2537 conclamat
656 2479 735 2536 mole
752 2477 880 2536 Caicus:

136 2580 231 2653 ‘Quis
245 2580 364 2656 globuS,
381 2599 400 2638 ο
415 2580 506 2651 cives,
523 2578 653 2655 caligine
669 2577 802 2636 volvitur
817 2579 903 2636 atra?

136 2681 223 2738 Ferte
241 2679 292 2738 citi
307 2680 428 2751 ferrum,
446 2680 516 2738 date
532 2680 601 2750 tela,
620 2677 777 2737 ascendite
793 2695 905 2747 muros

134 2779 231 2838 hostis
247 2780 342 2850 adest,
359 2779 430 2837 heia
444 2779 469 2837 t’
516 2778 638 2855 Ingenti
653 2780 785 2837 clamore
800 2795 854 2852 per
870 2775 968 2835 omnis

181 2981 221 3030 14,
237 2977 276 3026 15.
303 2963 344 3012 Cf.
357 2965 389 3012 V.
402 2963 462 3028 657:
480 2966 562 3013 deuse
574 2964 682 3025 paribus
688 2971 739 3024 per
750 2963 846 3010 caelum
859 2962 963 3010 sustulit
973 2961 1031 3016 alis,
1044 2963 1130 3024 ingen·

134 3053 231 3110 temque
235 3050 303 3112 fuga
313 3049 392 3096 secuit
401 3049 446 3094 sub
455 3049 561 3095 nubibus
573 3063 670 3095 arcum.
679 3075 712 3081 —
721 3060 763 3109 27,
774 3046 927 3108 Messapus.
956 3043 998 3091 Cf.
1009 3043 1088 3090 VIII.
1099 3042 1129 3091 6:

137 3132 258 3180 Ductores
270 3132 356 3192 primi
366 3131 500 3192 Messapus
515 3137 539 3177 et
554 3130 639 3193 Ufens.
650 3145 734 3190 —29.
761 3127 895 3191 Repeated
912 3127 980 3175 from
993 3126 1056 3174 VII.
1072 3125 1129 3188 784.

135 3243 167 3249 -
176 3228 218 3278 35,
232 3214 335 3266 caicus.
372 3213 413 3261 Cf.
427 3214 447 3260 Ι.
464 3212 519 3276 183:
538 3215 608 3261 celsis
620 3214 648 3260 in
661 3212 791 3274 puppibus
801 3227 877 3259 arma
892 3213 968 3260 Caici.
978 3238 1012 3245 -
1020 3223 1063 3272 37.
1088 3209 1129 3256 Cf.

136 3298 181 3344 IV.
198 3310 258 3361 594:
278 3299 350 3346 Ferte
362 3299 406 3346 citi
409 3297 543 3358 flammas,
555 3297 611 3344 date
622 3296 678 3342 tela.
