2414 3694
357 649 385 696 P.
409 647 564 696 VERGILI
589 645 761 694 MARONIS

316 834 801 960 AENEIDOS

381 1047 526 1110 LIBER
560 1045 736 1110 NONUS.

491 1248 627 1274 —000—

55 1411 177 1478 Aerrn
199 1425 236 1465 ea
251 1406 373 1466 diversa
388 1406 511 1482 penitus
527 1406 600 1464 durn
616 1415 703 1481 parte
717 1413 872 1481 geruntur,

56 1508 132 1566 Irim
150 1507 191 1566 de
206 1507 292 1566 caelo
307 1506 390 1564 misit
407 1505 549 1564 Saturnia
566 1507 644 1563 Iuno

4 1617 12 1634 ²
54 1609 210 1667 audacem
225 1607 265 1664 ad
280 1607 427 1664 Turnum.
473 1607 558 1664 Luco
572 1615 638 1664 tum
652 1606 732 1664 forte
747 1603 884 1681 parentis

56 1705 196 1766 Pilumni
210 1707 335 1770 Turnus
352 1715 472 1765 sacrata
486 1705 566 1764 valle
583 1705 719 1764 sedebat.

4 1805 5 1882 j
53 1808 106 1866 Ad
124 1824 220 1884 quem
236 1805 280 1864 sic
295 1825 385 1864 roseo
399 1804 624 1864 Thaumantias
639 1824 692 1864 ore
708 1806 811 1863 locuta
826 1813 891 1862 est:
1044 1813 1059 1869 5

4 1971 5 1976 χ
57 1909 195 1976 ‘Turne
212 1907 295 1982 quod
309 1905 429 1982 optanti
444 1905 549 1964 divum
563 1905 740 1982 promittere
756 1923 846 1962 nemo

55 2008 196 2077 auderet,
214 2006 366 2065 volvenda
381 2006 447 2064 dies
464 2024 502 2064 en
519 2005 619 2064 attulit
635 2006 723 2064 ultro.

56 2111 195 2178 Aeneas,
213 2106 287 2165 urbe
304 2115 335 2166 et
349 2105 441 2165 sociis
458 2115 488 2164 et
503 2106 603 2164 classe
618 2106 731 2178 relicta,
779 2107 782 2113 '

57 2217 184 2284 sceptra
200 2205 334 2264 Palatini
350 2206 517 2282 sedemque
533 2205 611 2282 petit
627 2205 771 2263 Euandri.

59 2310 127 2367 Nec
144 2306 240 2366 satis:
264 2316 415 2365 extremas
432 2305 559 2384 Corythi
574 2306 746 2382 penetravit
762 2305 801 2363 ad
816 2305 916 2377 urbes,
1029 2316 1059 2352 10

4 2393 5 2400 ἵ
59 2409 280 2486 Lydorumque
296 2425 420 2464 manum
436 2407 593 2465 conlectos
609 2415 707 2464 armat
723 2404 861 2482 agrestis.

59 2508 145 2582 Quid
160 2505 306 2566 dubitas?
350 2509 379 2564 N
383 2525 442 2564 unc
454 2515 576 2582 tempus
589 2525 695 2582 equos,
708 2524 790 2563 nunc
802 2523 931 2581 poscere
943 2522 1056 2563 currus

60 2609 186 2683 Rumpe
202 2625 303 2664 moras
318 2605 418 2664 omnis
435 2616 465 2665 et
481 2606 603 2665 turbata
619 2605 724 2681 adripe
740 2606 859 2664 castra)

104 2789 131 2823 2.
159 2771 295 2835 Repeated
305 2772 374 2820 from
387 2773 418 2820 V.
432 2771 565 2838 (rod—7,
578 2773 713 2824 volvenda
726 2771 794 2823 dies.
824 2773 865 2820 Cf.
882 2773 902 2821 Ι.
917 2771 977 2836 269:
994 2789 1060 2834 mag·

59 2875 110 2906 nus
127 2857 259 2905 volvendis
275 2857 402 2904 mensibus
415 2858 487 2904 orbis.
498 2885 533 2916 -,
540 2862 565 2920 8,
575 2858 648 2907 urbe.
688 2855 729 2903 Cf.
743 2857 805 2902 VII.
821 2869 878 2920 157:
896 2857 954 2918 Ipse
966 2857 1062 2904 humili

58 2941 177 3004 designat
193 2942 291 2988 moenia
306 2941 388 3004 fossa,
408 2941 562 3002 moliturque
578 2942 669 2996 locum,
685 2941 837 3002 primasque
855 2942 882 2986 in
901 2942 974 2988 litore
994 2941 1061 2987 sedes

60 3031 206 3072 castrorum
223 3025 251 3070 in
265 3039 360 3071 morem
370 3025 464 3085 pinnis
475 3030 550 3086 atque
562 3039 649 3086 aggere
660 3025 746 3085 cingit.
759 3052 792 3058 —
807 3039 846 3087 10,
860 3023 982 3086 Corythi.
1019 3022 1060 3070 Cf.

62 3105 125 3154 VII.
146 3119 208 3169 209:
229 3106 410 3171 (Dardanum)
427 3108 533 3169 Corythi
550 3107 683 3168 Tyrrhena
701 3107 732 3154 ab
748 3108 803 3155 sede
819 3108 962 3170 profectum
980 3123 1060 3155 aurea

64 3205 135 3237 nunc
153 3191 216 3238 solio
233 3191 359 3238 stellantis
373 3192 442 3254 regio
460 3192 524 3239 caeli
536 3191 633 3251 accipit.
643 3189 727 3254 -'11,
749 3191 892 3253 Lydorum.
928 3188 969 3237 Cf.
982 3189 1061 3236 VIII.

63 3285 126 3335 479:
145 3273 228 3337 Lydia
246 3275 374 3337 quondam
388 3291 452 3338 gens
465 3309 470 3320 .
484 3309 489 3320 .
503 3310 508 3320 .
522 3276 588 3336 iugis
606 3274 698 3321 insedit
714 3273 839 3320 Etruscis.
850 3300 883 3307 -
894 3288 933 3333 13.
959 3271 1001 3320 Cf.
1015 3271 1062 3319 IV.

65 3355 127 3419 569:
146 3357 212 3404 Heia
224 3373 275 3419 age,
288 3363 379 3418 rumpe
391 3373 482 3405 moros.
